!Option:AutoSwitch
!Account
NChecking 0013
TBank
^
NChecking 4926
TBank
^
NCredit Card 0074
TCCard
L0.00
^
NCredit Card 2287
TCCard
L0.00
^
!Clear:AutoSwitch
!Option:AutoSwitch
!Account
NChecking 0013
TBank
^
!Type:Bank 
D5/ 1'17
U-40.00
T-40.00
PGas
LAuto & Transportation:Fuel & Gas
^
D5/ 1'17
U-23.00
T-23.00
PGas
LAuto & Transportation:Fuel & Gas
^
D5/ 1'17
U-13.26
T-13.26
PGas
LAuto & Transportation:Fuel & Gas
^
D8/ 1'17
U0.00
T0.00
CX
POpening Balance
L[Checking 0013]
^
D8/ 1'17
U65,900.00
T65,900.00
PDEPOSIT
LOther Inc
^
D8/ 1'17
U-11.97
T-11.97
PGas
LAuto & Transportation:Fuel & Gas
^
D8/ 1'17
U-32.01
T-32.01
PGas
LAuto & Transportation:Fuel & Gas
^
D8/ 1'17
U-297.00
T-297.00
PConstruction Build
LConstruction Supplies
^
D8/ 1'17
U-34.08
T-34.08
PGas
LAuto & Transportation:Fuel & Gas
^
D8/ 1'17
U-11.22
T-11.22
PGas
LAuto & Transportation:Fuel & Gas
^
D8/ 1'17
U-11.23
T-11.23
PGas
LAuto & Transportation:Fuel & Gas
^
D8/ 1'17
U-37.00
T-37.00
PGas
LAuto & Transportation:Fuel & Gas
^
D8/ 1'17
U-20.01
T-20.01
PGas
LAuto & Transportation:Fuel & Gas
^
D8/ 1'17
U-22.33
T-22.33
PGas
LAuto & Transportation:Fuel & Gas
^
D8/ 1'17
U-1,847.00
T-1,847.00
PTreasury Dms
LTax
^
D8/ 1'17
U-12.14
T-12.14
PGss Business
LAuto & Transportation:Fuel & Gas
^
D8/ 1'17
U-592.96
T-592.96
PAuxiliary Services
LConstruction Supplies
^
D8/ 1'17
U-155.48
T-155.48
PAuxiliary Services
LConstruction Supplies
^
D8/ 1'17
U-16.00
T-16.00
PGas
LAuto & Transportation:Fuel & Gas
^
D8/ 1'17
U-13.87
T-13.87
PGas
LAuto & Transportation:Fuel & Gas
^
D8/ 1'17
U-25.84
T-25.84
PGas
LAuto & Transportation:Fuel & Gas
^
D8/ 1'17
U-35.04
T-35.04
PGas
LAuto & Transportation:Fuel & Gas
^
D8/ 1'17
U-70.16
T-70.16
PAuxiliary Services
LConstruction Supplies
^
D8/ 1'17
U-32.50
T-32.50
PGas
LAuto & Transportation:Fuel & Gas
^
D8/ 1'17
U-17.50
T-17.50
PGas
LAuto & Transportation:Fuel & Gas
^
D8/ 1'17
U-46.38
T-46.38
PGas
LAuto & Transportation:Fuel & Gas
^
D8/18'17
U-40,817.00
T-40,817.00
N1001
PAmerican Diamond Builders
LSubcontractors
^
D8/30'17
U-20,000.00
T-20,000.00
N1002
PAmerican Diamond Builders
LSubcontractors
^
D9/ 1'17
U57,500.00
T57,500.00
PDEPOSIT
LOther Inc
^
D9/ 1'17
U-21.18
T-21.18
PGas
LAuto & Transportation:Fuel & Gas
^
D9/ 1'17
U-7.82
T-7.82
PWalmart
LPersonal
^
D9/ 1'17
U-33.73
T-33.73
PGas
LAuto & Transportation:Fuel & Gas
^
D9/ 1'17
U-287.00
T-287.00
PPatient First
LPersonal
^
D9/ 1'17
U-31.00
T-31.00
PGas
LAuto & Transportation:Fuel & Gas
^
D9/ 1'17
U-58.00
T-58.00
PGas
LAuto & Transportation:Fuel & Gas
^
D9/ 1'17
U-77.39
T-77.39
PHome Depot
LConstruction Supplies
^
D9/ 1'17
U-37.72
T-37.72
PGarces Events
LPersonal
^
D9/ 1'17
U-64.73
T-64.73
PGarces Events
LPersonal
^
D9/ 1'17
U-42.65
T-42.65
PHome Depot
LConstruction Supplies
^
D9/ 1'17
U-10.86
T-10.86
PHome Depot
LConstruction Supplies
^
D9/ 1'17
U-24.34
T-24.34
PGas
LAuto & Transportation:Fuel & Gas
^
D9/ 1'17
U-213.40
T-213.40
PAuxiliary Services
LConstruction Supplies
^
D9/ 1'17
U-27.01
T-27.01
PGas
LAuto & Transportation:Fuel & Gas
^
D9/ 1'17
U-53.86
T-53.86
PGas
LAuto & Transportation:Fuel & Gas
^
D9/ 1'17
U-15.02
T-15.02
PGas
LAuto & Transportation:Fuel & Gas
^
D9/ 1'17
U-83.90
T-83.90
PHome Depot
LConstruction Supplies
^
D9/ 1'17
U-32.00
T-32.00
PWalmart
LPersonal
^
D9/ 1'17
U-37.08
T-37.08
PGarces Events
LPersonal
^
D9/ 1'17
U-68.73
T-68.73
PGas
LAuto & Transportation:Fuel & Gas
^
D9/ 1'17
U-16.29
T-16.29
PWawa
LPersonal
^
D9/ 1'17
U-6.59
T-6.59
PWawa
LPersonal
^
D9/ 1'17
U-10.70
T-10.70
PWawa
LPersonal
^
D9/ 1'17
U-20.00
T-20.00
PGas
LAuto & Transportation:Fuel & Gas
^
D9/ 1'17
U-49.50
T-49.50
PGas
LAuto & Transportation:Fuel & Gas
^
D9/ 1'17
U-13.65
T-13.65
PWawa
LPersonal
^
D9/ 1'17
U-32.00
T-32.00
PGas
LAuto & Transportation:Fuel & Gas
^
D9/ 1'17
U-39.89
T-39.89
PLowes
LConstruction Supplies
^
D9/ 1'17
U-26.35
T-26.35
PGas
LAuto & Transportation:Fuel & Gas
^
D9/ 1'17
U-30.84
T-30.84
PHome Depot
LConstruction Supplies
^
D9/ 1'17
U-32.00
T-32.00
PWalmart
LPersonal
^
D9/ 1'17
U-29.11
T-29.11
PGas
LAuto & Transportation:Fuel & Gas
^
D9/ 1'17
U-23.32
T-23.32
PGas
LAuto & Transportation:Fuel & Gas
^
D9/ 1'17
U-24.88
T-24.88
PGas
LAuto & Transportation:Fuel & Gas
^
D9/ 1'17
U-26.85
T-26.85
PGas
LAuto & Transportation:Fuel & Gas
^
D9/ 1'17
U-110.40
T-110.40
PAuxiliary Services
LConstruction Supplies
^
D9/14'17
U-26,000.00
T-26,000.00
N1003
PAmerican Diamond Builders
LSubcontractors
^
D9/25'17
U-26,531.00
T-26,531.00
N1004
PAmerican Diamond Builders
LSubcontractors
^
D10/ 1'17
U51,500.00
T51,500.00
PDEPOSIT
LOther Inc
^
D10/ 1'17
U-31.51
T-31.51
PGas
LAuto & Transportation:Fuel & Gas
^
D10/ 1'17
U-18.00
T-18.00
PGas
LAuto & Transportation:Fuel & Gas
^
D10/ 1'17
U-2,916.67
T-2,916.67
PAuxiliary Services
LConstruction Supplies
^
D10/ 1'17
U-5.00
T-5.00
PGas
LAuto & Transportation:Fuel & Gas
^
D10/ 1'17
U-138.55
T-138.55
PHome Depot
LConstruction Supplies
^
D10/ 1'17
U-7.80
T-7.80
PWawa
LPersonal
^
D10/ 1'17
U-52.00
T-52.00
PGas
LAuto & Transportation:Fuel & Gas
^
D10/ 1'17
U-28.08
T-28.08
PGas
LAuto & Transportation:Fuel & Gas
^
D10/ 1'17
U-45.00
T-45.00
PGas
LAuto & Transportation:Fuel & Gas
^
D10/ 1'17
U-78.95
T-78.95
PAuxiliary Services
LConstruction Supplies
^
D10/ 1'17
U-776.68
T-776.68
PConstruction Build
LConstruction Supplies
^
D10/ 1'17
U-4.63
T-4.63
PGas
LAuto & Transportation:Fuel & Gas
^
D10/ 1'17
U-37.05
T-37.05
PGas
LAuto & Transportation:Fuel & Gas
^
D10/ 1'17
U-447.64
T-447.64
PAuxiliary Services
LConstruction Supplies
^
D10/ 1'17
U-30.50
T-30.50
PGas
LAuto & Transportation:Fuel & Gas
^
D10/ 1'17
U-0.23
T-0.23
PGas
LAuto & Transportation:Fuel & Gas
^
D10/ 1'17
U-24.75
T-24.75
PGas
LAuto & Transportation:Fuel & Gas
^
D10/ 1'17
U-25.31
T-25.31
PGas
LAuto & Transportation:Fuel & Gas
^
D10/ 1'17
U-26.20
T-26.20
PGas
LAuto & Transportation:Fuel & Gas
^
D10/ 1'17
U-16.18
T-16.18
PLowes
LConstruction Supplies
^
D10/ 1'17
U-56.07
T-56.07
PGas
LAuto & Transportation:Fuel & Gas
^
D10/ 1'17
U-4.17
T-4.17
PWawa
LPersonal
^
D10/ 1'17
U-334.11
T-334.11
PAuxiliary Services
LConstruction Supplies
^
D10/ 1'17
U-414.46
T-414.46
PC And R Building
LConstruction Supplies
^
D10/ 1'17
U-156.78
T-156.78
PHome Depot
LConstruction Supplies
^
D10/ 1'17
U-31.00
T-31.00
PGas
LAuto & Transportation:Fuel & Gas
^
D10/ 1'17
U-11.58
T-11.58
PWawa
LPersonal
^
D10/ 1'17
U-27.74
T-27.74
PGas
LAuto & Transportation:Fuel & Gas
^
D10/ 1'17
U-31.85
T-31.85
PGas
LAuto & Transportation:Fuel & Gas
^
D10/ 1'17
U-121.53
T-121.53
PHome Depot
LConstruction Supplies
^
D10/ 1'17
U-44.51
T-44.51
PHome Depot
LConstruction Supplies
^
D10/ 1'17
U-33.49
T-33.49
PGas
LAuto & Transportation:Fuel & Gas
^
D10/ 1'17
U-31.50
T-31.50
PGas
LAuto & Transportation:Fuel & Gas
^
D10/ 1'17
U-32.02
T-32.02
PHome Depot
LConstruction Supplies
^
D10/ 1'17
U-35.01
T-35.01
PGas
LAuto & Transportation:Fuel & Gas
^
D10/ 1'17
U-12.00
T-12.00
PGas
LAuto & Transportation:Fuel & Gas
^
D10/ 1'17
U-26.81
T-26.81
PGas
LAuto & Transportation:Fuel & Gas
^
D10/ 1'17
U-69.06
T-69.06
PGas
LAuto & Transportation:Fuel & Gas
^
D10/ 1'17
U-117.16
T-117.16
PAuxiliary Services
LConstruction Supplies
^
D10/ 1'17
U-34.70
T-34.70
PGas
LAuto & Transportation:Fuel & Gas
^
D10/ 1'17
U-19.23
T-19.23
PGas
LAuto & Transportation:Fuel & Gas
^
D10/ 1'17
U-34.16
T-34.16
PGas
LAuto & Transportation:Fuel & Gas
^
D10/ 1'17
U-169.93
T-169.93
PHome Depot
LConstruction Supplies
^
D10/ 1'17
U-59.72
T-59.72
PHome Depot
LConstruction Supplies
^
D10/ 1'17
U-5.96
T-5.96
PWawa
LPersonal
^
D10/ 1'17
U-13.77
T-13.77
PWawa
LPersonal
^
D10/ 1'17
U-20.07
T-20.07
PGas
LAuto & Transportation:Fuel & Gas
^
D10/10'17
U-15,500.00
T-15,500.00
N0
PAmerican Diamond Builders
LSubcontractors
^
D10/10'17
U-9,869.00
T-9,869.00
N1005
PR Rodriguez Construction Inc
LSubcontractors
^
D10/16'17
U-823.00
T-823.00
N1008
PAlexandro Da Silva
LCasual Labor
^
D10/16'17
U-2,760.00
T-2,760.00
N1009
PR Rodriguez Construction Inc
LSubcontractors
^
D10/23'17
U-11,000.00
T-11,000.00
N1010
PAmerican Diamond Builders
LSubcontractors
^
D10/23'17
U-7,500.00
T-7,500.00
N1011
PBorco Construction LLC
LSubcontractors
^
D11/ 1'17
U99,652.00
T99,652.00
PDEPOSIT
LOther Inc
^
D11/ 1'17
U-24.00
T-24.00
PGas
LAuto & Transportation:Fuel & Gas
^
D11/ 1'17
U-18.75
T-18.75
PGas
LAuto & Transportation:Fuel & Gas
^
D11/ 1'17
U-24.75
T-24.75
PGas
LAuto & Transportation:Fuel & Gas
^
D11/ 1'17
U-173.65
T-173.65
PAuxiliary Services
LConstruction Supplies
^
D11/ 1'17
U-40.00
T-40.00
PAuxiliary Services
LConstruction Supplies
^
D11/ 1'17
U-23.00
T-23.00
PGas
LAuto & Transportation:Fuel & Gas
^
D11/ 1'17
U-13.26
T-13.26
PGas
LAuto & Transportation:Fuel & Gas
^
D11/ 1'17
U-433.61
T-433.61
PAuxiliary Services
LConstruction Supplies
^
D11/ 1'17
U-43.10
T-43.10
PGas
LAuto & Transportation:Fuel & Gas
^
D11/ 1'17
U-18.26
T-18.26
PGas
LAuto & Transportation:Fuel & Gas
^
D11/ 1'17
U-16.64
T-16.64
PGas
LAuto & Transportation:Fuel & Gas
^
D11/ 1'17
U-41.67
T-41.67
PHome Depot
LConstruction Supplies
^
D11/ 1'17
U-25.25
T-25.25
PGas
LAuto & Transportation:Fuel & Gas
^
D11/ 1'17
U-103.63
T-103.63
PLowes
LConstruction Supplies
^
D11/ 1'17
U-40.32
T-40.32
PGas
LAuto & Transportation:Fuel & Gas
^
D11/ 1'17
U-35.54
T-35.54
PHome Depot
LConstruction Supplies
^
D11/ 1'17
U-93.18
T-93.18
PGas
LAuto & Transportation:Fuel & Gas
^
D11/ 1'17
U-54.00
T-54.00
PGas
LAuto & Transportation:Fuel & Gas
^
D11/ 1'17
U-17.88
T-17.88
PGas
LAuto & Transportation:Fuel & Gas
^
D11/ 1'17
U-69.43
T-69.43
PAuxiliary Services
LConstruction Supplies
^
D11/ 1'17
U-19.57
T-19.57
PGas
LAuto & Transportation:Fuel & Gas
^
D11/ 1'17
U-5.74
T-5.74
PTrish Home Center
LPersonal
^
D11/ 1'17
U-40.14
T-40.14
PGas
LAuto & Transportation:Fuel & Gas
^
D11/ 1'17
U-305.94
T-305.94
PAuxiliary Services
LConstruction Supplies
^
D11/ 1'17
U-40.07
T-40.07
PGas
LAuto & Transportation:Fuel & Gas
^
D11/ 1'17
U-24.00
T-24.00
PGas
LAuto & Transportation:Fuel & Gas
^
D11/ 1'17
U-32.93
T-32.93
PGas
LAuto & Transportation:Fuel & Gas
^
D11/ 1'17
U-191.31
T-191.31
PHome Depot
LConstruction Supplies
^
D11/ 1'17
U-39.44
T-39.44
PWalmart
LPersonal
^
D11/ 1'17
U-63.59
T-63.59
PGas
LAuto & Transportation:Fuel & Gas
^
D11/ 1'17
U-41.92
T-41.92
PHome Depo
LConstruction Supplies
^
D11/ 1'17
U-23.15
T-23.15
PGas
LAuto & Transportation:Fuel & Gas
^
D11/ 1'17
U-26.58
T-26.58
PGas
LAuto & Transportation:Fuel & Gas
^
D11/ 1'17
U-165.50
T-165.50
PAuxiliary Services
LConstruction Supplies
^
D11/ 8'17
U-23,470.00
T-23,470.00
N1012
PAmerican Diamond Builders
LSubcontractors
^
D11/13'17
U-16,326.00
T-16,326.00
N1013
PAmerican Diamond Builders
LSubcontractors
^
D11/14'17
U-13,266.00
T-13,266.00
N1014
PAmerican Diamond Builders
LSubcontractors
^
D11/20'17
U-16,326.00
T-16,326.00
N1015
PAmerican Diamond Builders
LSubcontractors
^
D11/22'17
U-9,184.00
T-9,184.00
N1016
PAmerican Diamond Builders
LSubcontractors
^
D11/24'17
U-1,225.00
T-1,225.00
N1018
PAmerican Diamond Builders
LSubcontractors
^
D11/28'17
U-13,343.00
T-13,343.00
N1019
PAmerican Diamond Builders
LSubcontractors
^
D12/ 1'17
U96,792.00
T96,792.00
PDEPOSIT
LOther Inc
^
D12/ 1'17
U-26.00
T-26.00
PGAS
LAuto & Transportation:Fuel & Gas
^
D12/ 1'17
U-27.28
T-27.28
PGAS
LAuto & Transportation:Fuel & Gas
^
D12/ 1'17
U-59.26
T-59.26
PGAS
LAuto & Transportation:Fuel & Gas
^
D12/ 1'17
U-30.01
T-30.01
PGas
LAuto & Transportation:Fuel & Gas
^
D12/ 1'17
U-446.93
T-446.93
PAuxiliary Services
LConstruction Supplies
^
D12/ 1'17
U-29.13
T-29.13
PGas
LAuto & Transportation:Fuel & Gas
^
D12/ 1'17
U-99.00
T-99.00
PAuxiliary Services
LConstruction Supplies
^
D12/ 1'17
U-47.01
T-47.01
PGas
LAuto & Transportation:Fuel & Gas
^
D12/ 1'17
U-22.50
T-22.50
PGas
LAuto & Transportation:Fuel & Gas
^
D12/ 1'17
U-12.01
T-12.01
PGas
LAuto & Transportation:Fuel & Gas
^
D12/ 1'17
U-24.54
T-24.54
PGas
LAuto & Transportation:Fuel & Gas
^
D12/ 1'17
U-28.00
T-28.00
PGas
LAuto & Transportation:Fuel & Gas
^
D12/ 1'17
U-27.00
T-27.00
PGas
LAuto & Transportation:Fuel & Gas
^
D12/ 1'17
U-20.01
T-20.01
PGas
LAuto & Transportation:Fuel & Gas
^
D12/ 1'17
U-39.54
T-39.54
PAuxiliary Services
LConstruction Supplies
^
D12/ 1'17
U-45.00
T-45.00
PSajoma Deli
LPersonal
^
D12/ 1'17
U-37.86
T-37.86
PGas
LAuto & Transportation:Fuel & Gas
^
D12/ 1'17
U-195.75
T-195.75
PAuxiliary Services
LConstruction Supplies
^
D12/ 1'17
U-21.31
T-21.31
PGas
LAuto & Transportation:Fuel & Gas
^
D12/ 1'17
U-21.85
T-21.85
PGas
LAuto & Transportation:Fuel & Gas
^
D12/ 1'17
U-108.08
T-108.08
PWalgreens
LPersonal
^
D12/ 1'17
U-24.12
T-24.12
PGas
LAuto & Transportation:Fuel & Gas
^
D12/ 1'17
U-74.26
T-74.26
PAuxiliary Services
LConstruction Supplies
^
D12/ 1'17
U-108.24
T-108.24
PAuxiliary Services
LConstruction Supplies
^
D12/ 1'17
U-10.85
T-10.85
PGas
LAuto & Transportation:Fuel & Gas
^
D12/ 1'17
U-376.35
T-376.35
PWalgreens
LPersonal
^
D12/ 1'17
U-144.75
T-144.75
PWalgreens
LPersonal
^
D12/ 1'17
U-21.09
T-21.09
PGas
LAuto & Transportation:Fuel & Gas
^
D12/ 1'17
U-24.69
T-24.69
PGas
LAuto & Transportation:Fuel & Gas
^
D12/ 1'17
U-35.00
T-35.00
PGas
LAuto & Transportation:Fuel & Gas
^
D12/ 1'17
U-246.84
T-246.84
PAuxiliary Services
LConstruction Supplies
^
D12/ 1'17
U-39.93
T-39.93
PGas
LAuto & Transportation:Fuel & Gas
^
D12/ 4'17
U-23,000.00
T-23,000.00
N1021
PAmerican Diamond Builders
LSubcontractors
^
D12/ 5'17
U-460.00
T-460.00
N1022
PAmerican Diamond Builders
LSubcontractors
^
D12/ 6'17
U-2,000.00
T-2,000.00
N1020
PBorco Construction LLC
LSubcontractors
^
D12/ 7'17
U-7,270.00
T-7,270.00
N1023
PAmerican Diamond Builders
LSubcontractors
^
D12/12'17
U-15,000.00
T-15,000.00
N1024
PAmerican Diamond Builders
LSubcontractors
^
D12/14'17
U-1,033.00
T-1,033.00
N1026
PState Workers Insurance Fund
LInsurance
^
D12/20'17
U-6,048.00
T-6,048.00
N1027
PAmerican Diamond Builders
LSubcontractors
^
D12/20'17
U-29,796.00
T-29,796.00
N1028
PAmerican Diamond Builders
LSubcontractors
^
D12/28'17
U-12,240.00
T-12,240.00
N1029
PAmerican Diamond Builders
LSubcontractors
^
D12/29'17
U-2,000.00
T-2,000.00
N1030
PBorco Construction LLC
LSubcontractors
^
D1/ 1'18
U84,989.52
T84,989.52
PDEPOSIT
LOther Inc
^
D1/ 1'18
U-29.95
T-29.95
PBank Charge
LBank Charge
^
D1/ 1'18
U-1,897.06
T-1,897.06
PNj Tax
LTax
^
D1/ 1'18
U-32.86
T-32.86
PGas
LAuto & Transportation:Fuel & Gas
^
D1/ 1'18
U-213.69
T-213.69
PHome Depot
LConstruction Supplies
^
D1/ 1'18
U-63.64
T-63.64
PGas
LAuto & Transportation:Fuel & Gas
^
D1/ 1'18
U-38.68
T-38.68
PGas
LAuto & Transportation:Fuel & Gas
^
D1/ 1'18
U-27.37
T-27.37
PGas
LAuto & Transportation:Fuel & Gas
^
D1/ 1'18
U-29.95
T-29.95
PGas
LAuto & Transportation:Fuel & Gas
^
D1/ 1'18
U-3.72
T-3.72
PWawa
LPersonal
^
D1/ 1'18
U-14.52
T-14.52
PWawa
LPersonal
^
D1/ 1'18
U-28.31
T-28.31
PGas
LAuto & Transportation:Fuel & Gas
^
D1/ 1'18
U-24.90
T-24.90
PGas
LAuto & Transportation:Fuel & Gas
^
D1/ 1'18
U-20.46
T-20.46
PHome Depot
LConstruction Supplies
^
D1/ 1'18
U-24.45
T-24.45
PGas
LAuto & Transportation:Fuel & Gas
^
D1/ 1'18
U-198.71
T-198.71
PAuxiliary Services
LConstruction Supplies
^
D1/ 1'18
U-31.36
T-31.36
PGas
LAuto & Transportation:Fuel & Gas
^
D1/ 1'18
U-25.35
T-25.35
PGas
LAuto & Transportation:Fuel & Gas
^
D1/ 1'18
U-45.55
T-45.55
PGas
LAuto & Transportation:Fuel & Gas
^
D1/ 1'18
U-27.75
T-27.75
PGas
LAuto & Transportation:Fuel & Gas
^
D1/ 1'18
U-438.97
T-438.97
PAuxiliary Services
LConstruction Supplies
^
D1/ 1'18
U-28.01
T-28.01
PGas
LAuto & Transportation:Fuel & Gas
^
D1/ 1'18
U-20.10
T-20.10
PGas
LAuto & Transportation:Fuel & Gas
^
D1/ 1'18
U-362.34
T-362.34
PC And R Building
LConstruction Supplies
^
D1/ 1'18
U-8.21
T-8.21
PC And R Building
LConstruction Supplies
^
D1/ 1'18
U-471.07
T-471.07
PAuxiliary Services
LConstruction Supplies
^
D1/ 1'18
U-30.91
T-30.91
PGas
LAuto & Transportation:Fuel & Gas
^
D1/ 1'18
U-15.15
T-15.15
PWawa
LPersonal
^
D1/ 1'18
U-30.34
T-30.34
PGas
LAuto & Transportation:Fuel & Gas
^
D1/ 1'18
U-14.36
T-14.36
PWawa
LPersonal
^
D1/ 1'18
U-14.13
T-14.13
PWawa
LPersonal
^
D1/ 1'18
U-92.23
T-92.23
PHome Depot
LConstruction Supplies
^
D1/ 1'18
U-58.57
T-58.57
PHome Depot
LConstruction Supplies
^
D1/ 1'18
U-45.18
T-45.18
PGas
LAuto & Transportation:Fuel & Gas
^
D1/ 1'18
U-20.71
T-20.71
PGas
LAuto & Transportation:Fuel & Gas
^
D1/ 1'18
U-28.00
T-28.00
PGas
LAuto & Transportation:Fuel & Gas
^
D1/ 1'18
U-14.41
T-14.41
PWawa
LPersonal
^
D1/ 1'18
U-33.18
T-33.18
PGas
LAuto & Transportation:Fuel & Gas
^
D1/ 1'18
U-160.97
T-160.97
PAuxiliary Services
LConstruction Supplies
^
D1/ 1'18
U-31.94
T-31.94
PHome Deot
LConstruction Supplies
^
D1/ 1'18
U-26.31
T-26.31
PGas
LAuto & Transportation:Fuel & Gas
^
D1/ 1'18
U-63.85
T-63.85
PWalmart
LPersonal
^
D1/ 1'18
U-153.87
T-153.87
PHome Depot
LConstruction Supplies
^
D1/ 1'18
U-5.35
T-5.35
PWawa
LPersonal
^
D1/ 1'18
U-10.79
T-10.79
PWawa
LPersonal
^
D1/ 1'18
U-159.20
T-159.20
PAuxiliary Services
LConstruction Supplies
^
D1/ 1'18
U-34.12
T-34.12
PGarces Events
LPersonal
^
D1/ 1'18
U-150.57
T-150.57
PHome Depot
LConstruction Supplies
^
D1/ 1'18
U-13.81
T-13.81
PWalmart
LPersonal
^
D1/ 1'18
U-30.72
T-30.72
PGas
LAuto & Transportation:Fuel & Gas
^
D1/ 1'18
U-22.00
T-22.00
PGas
LAuto & Transportation:Fuel & Gas
^
D1/ 1'18
U-205.80
T-205.80
PAuxiliary Services
LConstruction Supplies
^
D1/ 1'18
U-36.40
T-36.40
PGas
LAuto & Transportation:Fuel & Gas
^
D1/ 1'18
U-27.31
T-27.31
PGas
LAuto & Transportation:Fuel & Gas
^
D1/ 1'18
U-19.00
T-19.00
PWawa
LPersonal
^
D1/ 1'18
U-15.50
T-15.50
PWawa
LPersonal
^
D1/ 1'18
U-29.48
T-29.48
PGas
LAuto & Transportation:Fuel & Gas
^
D1/ 1'18
U-24.57
T-24.57
PGas
LAuto & Transportation:Fuel & Gas
^
D1/ 1'18
U-704.35
T-704.35
PAuxiliary Services
LConstruction Supplies
^
D1/ 1'18
U-20.00
T-20.00
PGas
LAuto & Transportation:Fuel & Gas
^
D1/ 1'18
U-23.20
T-23.20
PGas
LAuto & Transportation:Fuel & Gas
^
D1/16'18
U-9,360.00
T-9,360.00
N1031
PAmerican Diamond Builders
LSubcontractors
^
D1/16'18
U-18,000.00
T-18,000.00
N1032
PAmerican Diamond Builders
LSubcontractors
^
D1/30'18
U-39,152.00
T-39,152.00
N1034
PAmerican Diamond Builders
LSubcontractors
^
D2/ 1'18
U99,861.00
T99,861.00
PDEPOSIT
LOther Inc
^
D2/ 1'18
U-29.95
T-29.95
PBank Charge
LBank Charge
^
D2/ 1'18
U-28.60
T-28.60
PGas
LAuto & Transportation:Fuel & Gas
^
D2/ 1'18
U-22.38
T-22.38
PGas
LAuto & Transportation:Fuel & Gas
^
D2/ 1'18
U-15.68
T-15.68
PWawa
LPersonal
^
D2/ 1'18
U-14.56
T-14.56
PWawa
LPersonal
^
D2/ 1'18
U-170.58
T-170.58
PHome Depot
LConstruction Supplies
^
D2/ 1'18
U-28.00
T-28.00
PGas
LAuto & Transportation:Fuel & Gas
^
D2/ 1'18
U-10.90
T-10.90
PWawa
LPersonal
^
D2/ 1'18
U-40.00
T-40.00
PGas
LAuto & Transportation:Fuel & Gas
^
D2/ 1'18
U-31.00
T-31.00
PGas
LAuto & Transportation:Fuel & Gas
^
D2/ 1'18
U-190.73
T-190.73
PAuxiliary Services
M234.33
LConstruction Supplies
^
D2/ 1'18
U-29.33
T-29.33
PGas
LAuto & Transportation:Fuel & Gas
^
D2/ 1'18
U-14.28
T-14.28
PWawa
LPersonal
^
D2/ 1'18
U-30.65
T-30.65
PGas
LAuto & Transportation:Fuel & Gas
^
D2/ 1'18
U-50.47
T-50.47
PGas
LAuto & Transportation:Fuel & Gas
^
D2/ 1'18
U-37.86
T-37.86
PGas
LAuto & Transportation:Fuel & Gas
^
D2/ 1'18
U-14.60
T-14.60
PWawa
LPersonal
^
D2/ 1'18
U-28.15
T-28.15
PGas
LAuto & Transportation:Fuel & Gas
^
D2/ 1'18
U-13.65
T-13.65
PWawa
LPersonal
^
D2/ 1'18
U-23.52
T-23.52
PGas
LAuto & Transportation:Fuel & Gas
^
D2/ 1'18
U-32.54
T-32.54
PGas
LAuto & Transportation:Fuel & Gas
^
D2/ 1'18
U-13.68
T-13.68
PGas
LAuto & Transportation:Fuel & Gas
^
D2/ 1'18
U-22.23
T-22.23
PGas
LAuto & Transportation:Fuel & Gas
^
D2/ 1'18
U-123.94
T-123.94
PAuxiliary Services
LConstruction Supplies
^
D2/ 1'18
U-18.51
T-18.51
PAuxiliary Services
LConstruction Supplies
^
D2/ 1'18
U-39.45
T-39.45
PAuxiliary Services
LConstruction Supplies
^
D2/ 1'18
U-41.16
T-41.16
PGas
LAuto & Transportation:Fuel & Gas
^
D2/ 1'18
U-10.50
T-10.50
PGas
LAuto & Transportation:Fuel & Gas
^
D2/ 1'18
U-24.00
T-24.00
PGas
LAuto & Transportation:Fuel & Gas
^
D2/ 1'18
U-38.64
T-38.64
PGas
LAuto & Transportation:Fuel & Gas
^
D2/ 1'18
U-180.16
T-180.16
PAuxiliary Services
LConstruction Supplies
^
D2/ 1'18
U-12.78
T-12.78
PAuxiliary Services
LConstruction Supplies
^
D2/ 1'18
U-40.00
T-40.00
PGas
LAuto & Transportation:Fuel & Gas
^
D2/ 1'18
U-21.28
T-21.28
PGas
LAuto & Transportation:Fuel & Gas
^
D2/ 1'18
U-20.12
T-20.12
PGas
LAuto & Transportation:Fuel & Gas
^
D2/ 1'18
U-42.63
T-42.63
PHome Depot
LConstruction Supplies
^
D2/ 1'18
U-28.39
T-28.39
PGas
LAuto & Transportation:Fuel & Gas
^
D2/ 1'18
U-37.05
T-37.05
PGas
LAuto & Transportation:Fuel & Gas
^
D2/ 1'18
U-35.94
T-35.94
PAlmonte Food
LPersonal
^
D2/ 1'18
U-35.00
T-35.00
PGas
LAuto & Transportation:Fuel & Gas
^
D2/ 1'18
U-1,000.00
T-1,000.00
N1035
PCrusco Safety Llc
LConstruction Supplies
^
D2/ 2'18
U-8,370.00
T-8,370.00
N1037
PAmerican Diamond Builders
LSubcontractors
^
D2/ 5'18
U-2,000.00
T-2,000.00
N1036
PBorco Construction LLC
LSubcontractors
^
D2/ 7'18
U-15,307.00
T-15,307.00
N1038
PAmerican Diamond Builders
LSubcontractors
^
D2/13'18
U-23,470.00
T-23,470.00
N1039
PAmerican Diamond Builders
LSubcontractors
^
D2/20'18
U-25,511.00
T-25,511.00
N1040
PAmerican Diamond Builders
LSubcontractors
^
D2/26'18
U-2,000.00
T-2,000.00
N1042
PBorco Construction LLC
LSubcontractors
^
D2/27'18
U-30,613.00
T-30,613.00
N1043
PEpn Construction Llc
LSubcontractors
^
D2/28'18
U-410.00
T-410.00
N1044
PAmerican Diamond Builders
LSubcontractors
^
D3/ 1'18
U54,915.00
T54,915.00
PDEPOSIT
LOther Inc
^
D3/ 1'18
U-29.95
T-29.95
PBank Charge
LBank Charge
^
D3/ 1'18
U-36.23
T-36.23
PGas
LAuto & Transportation:Fuel & Gas
^
D3/ 1'18
U-17.83
T-17.83
PWawa
LPersonal
^
D3/ 1'18
U-864.58
T-864.58
PAuxiliary Services
LConstruction Supplies
^
D3/ 1'18
U-12.47
T-12.47
PGas
LAuto & Transportation:Fuel & Gas
^
D3/ 1'18
U-27.38
T-27.38
PGas
LAuto & Transportation:Fuel & Gas
^
D3/ 1'18
U-13.04
T-13.04
PGas
LAuto & Transportation:Fuel & Gas
^
D3/ 1'18
U-35.16
T-35.16
PHome Depot
LConstruction Supplies
^
D3/ 1'18
U-46.20
T-46.20
PHome Depot
LConstruction Supplies
^
D3/ 1'18
U-18.82
T-18.82
PWawa
LPersonal
^
D3/ 1'18
U-19.00
T-19.00
PCoral Mini Mart
LPersonal
^
D3/ 1'18
U-15.61
T-15.61
PWalmart
LPersonal
^
D3/ 1'18
U-30.00
T-30.00
PGas
LAuto & Transportation:Fuel & Gas
^
D3/ 1'18
U-35.71
T-35.71
PGas
LAuto & Transportation:Fuel & Gas
^
D3/ 1'18
U-29.72
T-29.72
PGas
LAuto & Transportation:Fuel & Gas
^
D3/ 1'18
U-17.52
T-17.52
PWawa
LPersonal
^
D3/ 1'18
U-25.00
T-25.00
PGas
LAuto & Transportation:Fuel & Gas
^
D3/ 1'18
U-32.26
T-32.26
PGas
LAuto & Transportation:Fuel & Gas
^
D3/ 1'18
U-24.57
T-24.57
PGas
LAuto & Transportation:Fuel & Gas
^
D3/ 1'18
U-23.29
T-23.29
PGas
LAuto & Transportation:Fuel & Gas
^
D3/ 1'18
U-17.89
T-17.89
PWawa
LPersonal
^
D3/ 1'18
U-93.24
T-93.24
PAuxiliary Services
LConstruction Supplies
^
D3/ 1'18
U-26.97
T-26.97
PGas
LAuto & Transportation:Fuel & Gas
^
D3/ 1'18
U-18.10
T-18.10
PWawa
LPersonal
^
D3/ 1'18
U-53.21
T-53.21
PHome Depot
LConstruction Supplies
^
D3/ 1'18
U-33.98
T-33.98
PGas
LAuto & Transportation:Fuel & Gas
^
D3/ 1'18
U-45.64
T-45.64
PGas
LAuto & Transportation:Fuel & Gas
^
D3/ 1'18
U-13.34
T-13.34
PWawa
LPersonal
^
D3/ 1'18
U-23.58
T-23.58
PGas
LAuto & Transportation:Fuel & Gas
^
D3/ 1'18
U-41.81
T-41.81
PGas
LAuto & Transportation:Fuel & Gas
^
D3/ 1'18
U-56.57
T-56.57
PHome Depo
LConstruction Supplies
^
D3/ 1'18
U-702.66
T-702.66
PAuxiliary Services
LConstruction Supplies
^
D3/ 1'18
U-199.62
T-199.62
PAuxiliary Services
LConstruction Supplies
^
D3/ 1'18
U-41.93
T-41.93
PGas
LAuto & Transportation:Fuel & Gas
^
D3/ 1'18
U-31.94
T-31.94
PHome Depot
LConstruction Supplies
^
D3/ 1'18
U-12.02
T-12.02
PWawa
LPersonal
^
D3/ 1'18
U-35.48
T-35.48
PGas
LAuto & Transportation:Fuel & Gas
^
D3/ 1'18
U-40.51
T-40.51
PGas
LAuto & Transportation:Fuel & Gas
^
D3/ 1'18
U-16.72
T-16.72
PWawa
LPersonal
^
D3/ 1'18
U-14.50
T-14.50
PWawa
LPersonal
^
D3/ 1'18
U-27.00
T-27.00
PGas
LAuto & Transportation:Fuel & Gas
^
D3/ 1'18
U-37.26
T-37.26
PGas
LAuto & Transportation:Fuel & Gas
^
D3/ 1'18
U-109.79
T-109.79
PAuxiliary Services
LConstruction Supplies
^
D3/ 1'18
U-36.75
T-36.75
PGas
LAuto & Transportation:Fuel & Gas
^
D3/ 1'18
U-187.01
T-187.01
PAuxiliary Services
LConstruction Supplies
^
D3/ 1'18
U-41.50
T-41.50
PGas
LAuto & Transportation:Fuel & Gas
^
D3/ 1'18
U-15.22
T-15.22
PWawa
LPersonal
^
D3/ 1'18
U-334.14
T-334.14
PAuxiliary Services
LConstruction Supplies
^
D3/ 1'18
U-31.02
T-31.02
PGas
LAuto & Transportation:Fuel & Gas
^
D3/ 1'18
U-12.05
T-12.05
PWawa
LPersonal
^
D3/ 1'18
U-132.54
T-132.54
PC And R Building
LConstruction Supplies
^
D3/ 1'18
U-130.14
T-130.14
PC And R Building
LConstruction Supplies
^
D3/ 1'18
U-39.00
T-39.00
PGas
LAuto & Transportation:Fuel & Gas
^
D3/ 1'18
U-220.87
T-220.87
PAuxiliary Services
LConstruction Supplies
^
D3/ 1'18
U-33.21
T-33.21
PAuxii
M234.33
LConstruction Supplies
^
D3/ 1'18
U-13.26
T-13.26
PWawa
LPersonal
^
D3/ 1'18
U-42.50
T-42.50
PGas
LAuto & Transportation:Fuel & Gas
^
D3/ 2'18
U-75.00
T-75.00
N1041
PNew Jersey Vehicle Registration Renewal Application
LAuto & Transportation:Registration (Non-Tax deductible)
^
D3/ 7'18
U-380.00
T-380.00
N1045
PAlexandro Cezar Da Silva
LPersonal
^
D3/23'18
U-11,302.00
T-11,302.00
N1046
PEpn Construction Llc
LSubcontractors
^
D3/23'18
U-2,041.00
T-2,041.00
N1048
PAmerican Diamond Builders
LSubcontractors
^
D3/27'18
U-36,900.00
T-36,900.00
N1049
PEpn Construction Llc
LSubcontractors
^
D4/ 1'18
U73,325.00
T73,325.00
PDEPOSIT
LOther Inc
^
D4/ 1'18
U-28.00
T-28.00
PGas
LAuto & Transportation:Fuel & Gas
^
D4/ 1'18
U-17.64
T-17.64
PWawa
LPersonal
^
D4/ 1'18
U-14.34
T-14.34
PWawa
LPersonal
^
D4/ 1'18
U-19.87
T-19.87
PWawa
LPersonal
^
D4/ 1'18
U-21.47
T-21.47
PGas
LAuto & Transportation:Fuel & Gas
^
D4/ 1'18
U-21.57
T-21.57
PGas
LAuto & Transportation:Fuel & Gas
^
D4/ 1'18
U-25.00
T-25.00
PLaz Parking
LAuto & Transportation
^
D4/ 1'18
U-33.70
T-33.70
PGas
LAuto & Transportation:Fuel & Gas
^
D4/ 1'18
U-22.00
T-22.00
PEz Park Philadelphias
LPersonal
^
D4/ 1'18
U-15.44
T-15.44
PWawa
LPersonal
^
D4/ 1'18
U-25.01
T-25.01
PGas
LAuto & Transportation:Fuel & Gas
^
D4/ 1'18
U-35.71
T-35.71
PGas
LAuto & Transportation:Fuel & Gas
^
D4/ 1'18
U-283.33
T-283.33
PAuxiliary Services
LConstruction Supplies
^
D4/ 1'18
U-81.21
T-81.21
PHome Depot
LConstruction Supplies
^
D4/ 1'18
U-50.66
T-50.66
PGas
LAuto & Transportation:Fuel & Gas
^
D4/ 1'18
U-30.82
T-30.82
PGas
LAuto & Transportation:Fuel & Gas
^
D4/ 1'18
U-36.14
T-36.14
PGas
LAuto & Transportation:Fuel & Gas
^
D4/ 1'18
U-93.10
T-93.10
PAuxiliary Services
LConstruction Supplies
^
D4/ 1'18
U-31.10
T-31.10
PGas
LAuto & Transportation:Fuel & Gas
^
D4/ 1'18
U-247.56
T-247.56
PHarbor Freight
LConstruction Supplies
^
D4/ 1'18
U-40.03
T-40.03
PGas
LAuto & Transportation:Fuel & Gas
^
D4/ 1'18
U-27.38
T-27.38
PGas
LAuto & Transportation:Fuel & Gas
^
D4/ 1'18
U-36.97
T-36.97
PGas
LAuto & Transportation:Fuel & Gas
^
D4/ 1'18
U-28.19
T-28.19
PGas
LAuto & Transportation:Fuel & Gas
^
D4/ 1'18
U-141.81
T-141.81
PAuxiliary Services
LConstruction Supplies
^
D4/ 1'18
U-80.50
T-80.50
PGas
LAuto & Transportation:Fuel & Gas
^
D4/ 1'18
U-30.00
T-30.00
PGas
LAuto & Transportation:Fuel & Gas
^
D4/ 1'18
U-23.84
T-23.84
PGas
LAuto & Transportation:Fuel & Gas
^
D4/ 1'18
U-36.00
T-36.00
PGas
LAuto & Transportation:Fuel & Gas
^
D4/ 1'18
U-31.46
T-31.46
PGas
LAuto & Transportation:Fuel & Gas
^
D4/ 1'18
U-33.00
T-33.00
PGas
LAuto & Transportation:Fuel & Gas
^
D4/ 1'18
U-29.16
T-29.16
PGas
LAuto & Transportation:Fuel & Gas
^
D4/ 1'18
U-26.76
T-26.76
PGas
LAuto & Transportation:Fuel & Gas
^
D4/ 1'18
U-79.97
T-79.97
PAuxiliary Services
LConstruction Supplies
^
D4/ 1'18
U-83.17
T-83.17
PAuxiliary Services
LConstruction Supplies
^
D4/ 1'18
U-42.58
T-42.58
PGas
LAuto & Transportation:Fuel & Gas
^
D4/ 1'18
U-22.91
T-22.91
PGas
LAuto & Transportation:Fuel & Gas
^
D4/ 1'18
U-14.48
T-14.48
PWawa
LPersonal
^
D4/ 1'18
U-418.40
T-418.40
PC And R Building
LConstruction Supplies
^
D4/ 1'18
U-20.00
T-20.00
PGas
LAuto & Transportation:Fuel & Gas
^
D4/ 1'18
U-15.06
T-15.06
PWawa
LPersonal
^
D4/ 1'18
U-12.75
T-12.75
PWawa
LPersonal
^
D4/ 1'18
U-15.11
T-15.11
PWawa
LPersonal
^
D4/ 1'18
U-57.93
T-57.93
PHome Depot
LConstruction Supplies
^
D4/ 1'18
U-429.84
T-429.84
PUhaul
LPersonal
^
D4/ 1'18
U-16.04
T-16.04
PWawa
LPersonal
^
D4/ 1'18
U-37.37
T-37.37
PGas
LAuto & Transportation:Fuel & Gas
^
D4/ 1'18
U-16.48
T-16.48
PWawa
LPersonal
^
D4/ 1'18
U-53.48
T-53.48
PHome Depot
LConstruction Supplies
^
D4/ 1'18
U-30.00
T-30.00
PGas
LAuto & Transportation:Fuel & Gas
^
D4/ 1'18
U-353.98
T-353.98
PAuxiliary Services
LConstruction Supplies
^
D4/ 1'18
U-19.00
T-19.00
PWawa
LPersonal
^
D4/ 1'18
U-15.28
T-15.28
PGas
LAuto & Transportation:Fuel & Gas
^
D4/ 1'18
U-29.95
T-29.95
PBank Charge
LBank Charge
^
D4/ 6'18
U-2,000.00
T-2,000.00
N1050
PBorco Construction LLC
LSubcontractors
^
D4/ 9'18
U-1,003.00
T-1,003.00
N1051
PState Workers Insurance Fund
LInsurance
^
D4/11'18
U-23,600.00
T-23,600.00
N1052
PAmerican Diamond Builders
LSubcontractors
^
D4/11'18
U-8,162.00
T-8,162.00
N1053
PEpn Construction Llc
LSubcontractors
^
D4/13'18
U-700.00
T-700.00
N1055
PAlexandro Cezar Da Silva
LPersonal
^
D4/25'18
U-19,000.00
T-19,000.00
N1057
PEpn Construction Llc
LSubcontractors
^
D4/27'18
U-105.00
T-105.00
N1056
PNew Jersey Vehicle Registration Application
LAuto & Transportation:Registration (Non-Tax deductible)
^
D4/30'18
U-2,000.00
T-2,000.00
N1058
PBorco Construction LLC
LSubcontractors
^
D5/ 1'18
U69,560.00
T69,560.00
PDEPOSIT
LOther Inc
^
D5/ 1'18
U-29.95
T-29.95
PBank Charge
LBank Charge
^
D5/ 1'18
U-2,411.90
T-2,411.90
PUs Liability Insurance
LInsurance
^
D5/ 1'18
U-24.00
T-24.00
PGas
LAuto & Transportation:Fuel & Gas
^
D5/ 1'18
U-25.44
T-25.44
PGas
LAuto & Transportation:Fuel & Gas
^
D5/ 1'18
U-26.06
T-26.06
PHome Depot
LConstruction Supplies
^
D5/ 1'18
U-30.17
T-30.17
PGas
LAuto & Transportation:Fuel & Gas
^
D5/ 1'18
U-33.88
T-33.88
PGas
LAuto & Transportation:Fuel & Gas
^
D5/ 1'18
U-210.22
T-210.22
PAuxiliary Services
LConstruction Supplies
^
D5/ 1'18
U-169.43
T-169.43
PAutozone
LAuto & Transportation:Parts & Service
^
D5/ 1'18
U-25.20
T-25.20
PGas
LAuto & Transportation:Fuel & Gas
^
D5/ 1'18
U-34.33
T-34.33
PGas
LAuto & Transportation:Fuel & Gas
^
D5/ 1'18
U-6.26
T-6.26
PHome Depot
LConstruction Supplies
^
D5/ 1'18
U-15.49
T-15.49
PWawa
LPersonal
^
D5/ 1'18
U-433.95
T-433.95
PAuxiliary Services
LConstruction Supplies
^
D5/ 1'18
U-43.97
T-43.97
PAuxiliary Services
LConstruction Supplies
^
D5/ 1'18
U-320.76
T-320.76
PHome Depot
LConstruction Supplies
^
D5/ 1'18
U-30.71
T-30.71
PGas
LAuto & Transportation:Fuel & Gas
^
D5/ 1'18
U-174.68
T-174.68
PAuxiliary Services
LConstruction Supplies
^
D5/ 1'18
U-34.63
T-34.63
PGas
LAuto & Transportation:Fuel & Gas
^
D5/ 1'18
U-32.31
T-32.31
PGas
LAuto & Transportation:Fuel & Gas
^
D5/ 1'18
U-53.57
T-53.57
PGas
LAuto & Transportation:Fuel & Gas
^
D5/ 1'18
U-113.21
T-113.21
PHome Depot
LConstruction Supplies
^
D5/ 1'18
U-6.34
T-6.34
PHome Depot
LConstruction Supplies
^
D5/ 1'18
U-45.53
T-45.53
PGas
LAuto & Transportation:Fuel & Gas
^
D5/ 1'18
U-425.41
T-425.41
PHome Depot
LConstruction Supplies
^
D5/ 1'18
U-5.00
T-5.00
PPark America
LPersonal
^
D5/ 1'18
U-35.43
T-35.43
PGas
LAuto & Transportation:Fuel & Gas
^
D5/ 1'18
U-25.79
T-25.79
PGas
LAuto & Transportation:Fuel & Gas
^
D5/ 1'18
U-22.06
T-22.06
PGas
LAuto & Transportation:Fuel & Gas
^
D5/ 1'18
U-1,027.92
T-1,027.92
PAuxiliary Services
LConstruction Supplies
^
D5/ 1'18
U-55.50
T-55.50
PGas
LAuto & Transportation:Fuel & Gas
^
D5/ 1'18
U-41.90
T-41.90
PGas
LAuto & Transportation:Fuel & Gas
^
D5/ 1'18
U-94.84
T-94.84
PAuxiliary Services
LConstruction Supplies
^
D5/ 1'18
U-14.44
T-14.44
PGas
LAuto & Transportation:Fuel & Gas
^
D5/ 1'18
U-46.03
T-46.03
PGas
LAuto & Transportation:Fuel & Gas
^
D5/ 1'18
U-182.65
T-182.65
PAuxiliary Services
LConstruction Supplies
^
D5/ 1'18
U-26.89
T-26.89
PGas
LAuto & Transportation:Fuel & Gas
^
D5/ 1'18
U-40.12
T-40.12
PGas
LAuto & Transportation:Fuel & Gas
^
D5/ 1'18
U-28.79
T-28.79
PAuxiliary Services
LConstruction Supplies
^
D5/ 1'18
U-27.77
T-27.77
PGas
LAuto & Transportation:Fuel & Gas
^
D5/ 1'18
U-36.05
T-36.05
PGas
LAuto & Transportation:Fuel & Gas
^
D5/ 1'18
U-146.46
T-146.46
PAuxiliary Services
LConstruction Supplies
^
D5/ 1'18
U-38.00
T-38.00
PGas
LAuto & Transportation:Fuel & Gas
^
D5/ 1'18
U-37.00
T-37.00
PGas
LAuto & Transportation:Fuel & Gas
^
D5/ 1'18
U-15.03
T-15.03
PWawa
LPersonal
^
D5/ 1'18
U-15.20
T-15.20
PWawa
LPersonal
^
D5/ 1'18
U-294.02
T-294.02
PAuxiliary Services
LConstruction Supplies
^
D5/ 1'18
U-19.00
T-19.00
PGas
LAuto & Transportation:Fuel & Gas
^
D5/ 2'18
U-1,003.00
T-1,003.00
N1054
PState Workersi Nsurance Fund
LInsurance
^
D5/ 2'18
U-9,200.00
T-9,200.00
N1059
PEpn Construction Llc
LSubcontractors
^
D5/ 7'18
U-380.00
T-380.00
N1061
PAlexandro Cezar Da Silva
LPersonal
^
D5/ 9'18
U-16,633.00
T-16,633.00
N1060
PEpn Construction Llc
LSubcontractors
^
D5/14'18
U-15,000.00
T-15,000.00
N1062
PAmerican Diamond Builders
LSubcontractors
^
D5/21'18
U-9,000.00
T-9,000.00
N1063
PAlexandro Cezar Da Silva
LPersonal
^
D5/24'18
U-15,000.00
T-15,000.00
N1064
PAlexandro Cezar Da Silva
LPersonal
^
D5/29'18
U-11,730.00
T-11,730.00
N1065
PEpn Construction Llc
LSubcontractors
^
D6/ 1'18
U80,423.00
T80,423.00
PDEPOSIT
LOther Inc
^
D6/ 1'18
U-29.95
T-29.95
PBank Charge
LBank Charge
^
D6/ 1'18
U-50.00
T-50.00
PUs Liability Insurance
LInsurance
^
D6/ 1'18
U-37.56
T-37.56
PGas
LAuto & Transportation:Fuel & Gas
^
D6/ 1'18
U-13.39
T-13.39
PWawa
LPersonal
^
D6/ 1'18
U-133.81
T-133.81
PAuxiliary Services
LConstruction Supplies
^
D6/ 1'18
U-47.47
T-47.47
PGas
LAuto & Transportation:Fuel & Gas
^
D6/ 1'18
U-37.46
T-37.46
PGas
LAuto & Transportation:Fuel & Gas
^
D6/ 1'18
U-21.79
T-21.79
PGas
LAuto & Transportation:Fuel & Gas
^
D6/ 1'18
U-15.65
T-15.65
PWawa
LPersonal
^
D6/ 1'18
U-51.00
T-51.00
PGas
LAuto & Transportation:Fuel & Gas
^
D6/ 1'18
U-388.00
T-388.00
PCarvant Financial Llc
LLoan
^
D6/ 1'18
U-33.04
T-33.04
PAuxiliary Services
LConstruction Supplies
^
D6/ 1'18
U-53.31
T-53.31
PGas
LAuto & Transportation:Fuel & Gas
^
D6/ 1'18
U-12.64
T-12.64
PGas
LAuto & Transportation:Fuel & Gas
^
D6/ 1'18
U-40.14
T-40.14
PAuxiliary Services
LConstruction Supplies
^
D6/ 1'18
U-57.02
T-57.02
PGas
LAuto & Transportation:Fuel & Gas
^
D6/ 1'18
U-340.29
T-340.29
PAuxiliary Services
LConstruction Supplies
^
D6/ 1'18
U-25.00
T-25.00
PGas
LAuto & Transportation:Fuel & Gas
^
D6/ 1'18
U-16.00
T-16.00
PGas
LAuto & Transportation:Fuel & Gas
^
D6/ 1'18
U-34.00
T-34.00
PGas
LAuto & Transportation:Fuel & Gas
^
D6/ 1'18
U-40.50
T-40.50
PGas
LAuto & Transportation:Fuel & Gas
^
D6/ 1'18
U-31.63
T-31.63
PGas
LAuto & Transportation:Fuel & Gas
^
D6/ 1'18
U-246.87
T-246.87
PAuxiliary Services
LConstruction Supplies
^
D6/ 1'18
U-11.75
T-11.75
PLa Colombe
LPersonal
^
D6/ 1'18
U-26.97
T-26.97
PHome Depot
LConstruction Supplies
^
D6/ 1'18
U-22.00
T-22.00
PEz Park Philadelphi
LPersonal
^
D6/ 1'18
U-55.65
T-55.65
PGas
LAuto & Transportation:Fuel & Gas
^
D6/ 1'18
U-30.25
T-30.25
PGas
LAuto & Transportation:Fuel & Gas
^
D6/ 1'18
U-44.21
T-44.21
PGas
LAuto & Transportation:Fuel & Gas
^
D6/ 1'18
U-69.52
T-69.52
PAuxiliary Services
LConstruction Supplies
^
D6/ 1'18
U-28.10
T-28.10
PHome Depot
LConstruction Supplies
^
D6/ 1'18
U-45.00
T-45.00
PGas
LAuto & Transportation:Fuel & Gas
^
D6/ 1'18
U-6.65
T-6.65
PHome Depot
LConstruction Supplies
^
D6/ 1'18
U-14.55
T-14.55
PPEPBOYS
LAuto & Transportation
^
D6/ 1'18
U-25.08
T-25.08
PGas
LAuto & Transportation:Fuel & Gas
^
D6/ 1'18
U-383.03
T-383.03
PAuxiliary Services
LConstruction Supplies
^
D6/ 1'18
U-21.23
T-21.23
PHome Depo
LConstruction Supplies
^
D6/ 1'18
U-33.25
T-33.25
PGas
LAuto & Transportation:Fuel & Gas
^
D6/ 1'18
U-25.06
T-25.06
PGas
LAuto & Transportation:Fuel & Gas
^
D6/ 1'18
U-30.20
T-30.20
PGas
LAuto & Transportation:Fuel & Gas
^
D6/ 1'18
U-21.94
T-21.94
PPEPBOYS
LAuto & Transportation
^
D6/ 1'18
U-31.78
T-31.78
PGas
LAuto & Transportation:Fuel & Gas
^
D6/ 1'18
U-31.61
T-31.61
PGas
LAuto & Transportation:Fuel & Gas
^
D6/ 1'18
U-20.94
T-20.94
PHome Depot
LConstruction Supplies
^
D6/ 1'18
U-51.44
T-51.44
PGas
LAuto & Transportation:Fuel & Gas
^
D6/ 1'18
U-26.00
T-26.00
PGas
LAuto & Transportation:Fuel & Gas
^
D6/ 1'18
U-44.00
T-44.00
PGas
LAuto & Transportation:Fuel & Gas
^
D6/ 1'18
U-177.69
T-177.69
PAuxiliary Services
LConstruction Supplies
^
D6/ 1'18
U-257.47
T-257.47
PHome Depot
LConstruction Supplies
^
D6/ 1'18
U-20.71
T-20.71
PGas
LAuto & Transportation:Fuel & Gas
^
D6/ 1'18
U-30.39
T-30.39
PGas
LAuto & Transportation:Fuel & Gas
^
D6/ 1'18
U-29.00
T-29.00
PGas
LAuto & Transportation:Fuel & Gas
^
D6/ 5'18
U-27,556.00
T-27,556.00
N1066
PEpn Construction Llc
LSubcontractors
^
D6/ 6'18
U-1,003.00
T-1,003.00
N1068
PState Workers Insurance Fund
LInsurance
^
D6/18'18
U-10,000.00
T-10,000.00
N1069
PAlexandro Cezar Da Silva
LPersonal
^
D6/27'18
U-2,000.00
T-2,000.00
N1070
PBorco Construction LLC
LSubcontractors
^
D7/ 1'18
U36,473.62
T36,473.62
PDEPOSIT
LOther Inc
^
D7/ 1'18
U-88.95
T-88.95
PBank Charge
LBank Charge
^
D7/ 1'18
U-18.39
T-18.39
PGas
LAuto & Transportation:Fuel & Gas
^
D7/ 1'18
U-431.14
T-431.14
PAuxiliary Services
LConstruction Supplies
^
D7/ 1'18
U-41.33
T-41.33
PGas
LAuto & Transportation:Fuel & Gas
^
D7/ 1'18
U-28.07
T-28.07
PC And R Building
LConstruction Supplies
^
D7/ 1'18
U-17.43
T-17.43
PLowes
LConstruction Supplies
^
D7/ 1'18
U-67.01
T-67.01
PGas
LAuto & Transportation:Fuel & Gas
^
D7/ 1'18
U-11.78
T-11.78
PGas
LAuto & Transportation:Fuel & Gas
^
D7/ 1'18
U-12.71
T-12.71
PC And R Building
LConstruction Supplies
^
D7/ 1'18
U-32.38
T-32.38
PC And R Building
LConstruction Supplies
^
D7/ 1'18
U-39.45
T-39.45
PGas
LAuto & Transportation:Fuel & Gas
^
D7/ 1'18
U-194.31
T-194.31
PC And R Building
LConstruction Supplies
^
D7/ 1'18
U-44.90
T-44.90
PGas
LAuto & Transportation:Fuel & Gas
^
D7/ 1'18
U-259.11
T-259.11
PC And R Building
LConstruction Supplies
^
D7/ 1'18
U-386.00
T-386.00
PCarvant Finacial
LLoan
^
D7/ 1'18
U-25.37
T-25.37
PGas
LAuto & Transportation:Fuel & Gas
^
D7/ 1'18
U-40.14
T-40.14
PAuxiliary Services
LConstruction Supplies
^
D7/ 1'18
U-74.81
T-74.81
PAuxiliary Services
LConstruction Supplies
^
D7/ 1'18
U-40.07
T-40.07
PAuxiliary Services
LConstruction Supplies
^
D7/ 1'18
U-12.98
T-12.98
PGas
LAuto & Transportation:Fuel & Gas
^
D7/ 1'18
U-54.62
T-54.62
PGas
LAuto & Transportation:Fuel & Gas
^
D7/ 1'18
U-695.25
T-695.25
PAuxiliary Services
LConstruction Supplies
^
D7/ 1'18
U-39.09
T-39.09
PGas
LAuto & Transportation:Fuel & Gas
^
D7/ 1'18
U-43.66
T-43.66
PHome Depot
LConstruction Supplies
^
D7/ 1'18
U-25.39
T-25.39
PGas
LAuto & Transportation:Fuel & Gas
^
D7/ 1'18
U-39.61
T-39.61
PGas
LAuto & Transportation:Fuel & Gas
^
D7/ 1'18
U-17.06
T-17.06
PC And R Building
LConstruction Supplies
^
D7/ 1'18
U-20.24
T-20.24
PHome Depot
LConstruction Supplies
^
D7/ 1'18
U-14.74
T-14.74
PWawa
LPersonal
^
D7/ 1'18
U-50.01
T-50.01
PGas
LAuto & Transportation:Fuel & Gas
^
D7/ 1'18
U-29.75
T-29.75
PGas
LAuto & Transportation:Fuel & Gas
^
D7/ 1'18
U-18.37
T-18.37
PWawa
LPersonal
^
D7/ 1'18
U-17.38
T-17.38
PWawa
LPersonal
^
D7/ 1'18
U-28.05
T-28.05
PGas
LAuto & Transportation:Fuel & Gas
^
D7/ 1'18
U-490.46
T-490.46
PHarbor Freight
LConstruction Supplies
^
D7/ 1'18
U-44.76
T-44.76
PHarbor Freight
LConstruction Supplies
^
D7/ 1'18
U-41.20
T-41.20
PAuxiliary Services
LConstruction Supplies
^
D7/ 1'18
U-16.15
T-16.15
PAuxiliary Services
LConstruction Supplies
^
D7/ 1'18
U-53.00
T-53.00
PGas
LAuto & Transportation:Fuel & Gas
^
D7/ 1'18
U-19.03
T-19.03
PWolfson's Inc
LConstruction Supplies
^
D7/ 1'18
U-28.04
T-28.04
PGas
LAuto & Transportation:Fuel & Gas
^
D7/ 1'18
U-43.00
T-43.00
PGas
LAuto & Transportation:Fuel & Gas
^
D7/ 1'18
U-39.01
T-39.01
PGas
LAuto & Transportation:Fuel & Gas
^
D7/ 2'18
U-996.00
T-996.00
N1071
PState Workers Insurance Fund
LInsurance
^
D7/ 5'18
U-33,673.47
T-33,673.47
N1072
PEpn Construction Llc
LSubcontractors
^
D7/17'18
U-14,285.00
T-14,285.00
N1073
PEpn Construction Llc
LSubcontractors
^
D7/24'18
U-8,162.00
T-8,162.00
N1074
PEpn Construction Llc
LSubcontractors
^
D7/30'18
U-11,024.00
T-11,024.00
N1076
PEpn Construction Llc
LSubcontractors
^
D7/30'18
U-820.00
T-820.00
N1077
PAlexandro Cezar Da Silva
LPersonal
^
D8/ 1'18
U60,868.00
T60,868.00
PDEPOSIT
LOther Inc
^
D8/ 1'18
U-25.82
T-25.82
PGas
LAuto & Transportation:Fuel & Gas
^
D8/ 1'18
U-40.19
T-40.19
PGas
LAuto & Transportation:Fuel & Gas
^
D8/ 1'18
U-41.51
T-41.51
PHome Depot
LConstruction Supplies
^
D8/ 1'18
U-357.00
T-357.00
PCarvant Financial Llc
LAuto & Transportation
^
D8/ 1'18
U-57.00
T-57.00
PGas
LAuto & Transportation:Fuel & Gas
^
D8/ 1'18
U-36.19
T-36.19
PWalmart
LPersonal
^
D8/ 1'18
U-30.27
T-30.27
PGas
LAuto & Transportation:Fuel & Gas
^
D8/ 1'18
U-14.66
T-14.66
PWawa
LPersonal
^
D8/ 1'18
U-251.24
T-251.24
PAuxiliary Services
LConstruction Supplies
^
D8/ 1'18
U-107.99
T-107.99
PC And R Building
LConstruction Supplies
^
D8/ 1'18
U-26.60
T-26.60
PGas
LAuto & Transportation:Fuel & Gas
^
D8/ 1'18
U-505.03
T-505.03
PAuxiliary Services
LConstruction Supplies
^
D8/ 1'18
U-152.15
T-152.15
PC And R Building
LConstruction Supplies
^
D8/ 1'18
U-30.04
T-30.04
PHome Depot
LConstruction Supplies
^
D8/ 1'18
U-49.06
T-49.06
PGas
LAuto & Transportation:Fuel & Gas
^
D8/ 1'18
U-36.00
T-36.00
PGas
LAuto & Transportation:Fuel & Gas
^
D8/ 1'18
U-169.96
T-169.96
PLowes
LConstruction Supplies
^
D8/ 1'18
U-76.58
T-76.58
PHome Depot
LConstruction Supplies
^
D8/ 1'18
U-21.64
T-21.64
PGas
LAuto & Transportation:Fuel & Gas
^
D8/ 1'18
U-32.69
T-32.69
PGas
LAuto & Transportation:Fuel & Gas
^
D8/ 1'18
U-17.00
T-17.00
PWawa
LPersonal
^
D8/ 1'18
U-35.55
T-35.55
PHome Depot
LConstruction Supplies
^
D8/ 1'18
U-12.48
T-12.48
PWawa
LPersonal
^
D8/ 1'18
U-41.43
T-41.43
PGas
LAuto & Transportation:Fuel & Gas
^
D8/ 1'18
U-11.75
T-11.75
P30th Street Mi
LPersonal
^
D8/ 1'18
U-15.34
T-15.34
PWawa
LPersonal
^
D8/ 1'18
U-40.14
T-40.14
PAuxiliary Services
LConstruction Supplies
^
D8/ 1'18
U-22.87
T-22.87
PGas
LAuto & Transportation:Fuel & Gas
^
D8/ 1'18
U-50.25
T-50.25
PGas
LAuto & Transportation:Fuel & Gas
^
D8/ 1'18
U-29.17
T-29.17
PGas
LAuto & Transportation:Fuel & Gas
^
D8/ 1'18
U-25.00
T-25.00
PGas
LAuto & Transportation:Fuel & Gas
^
D8/ 1'18
U-24.00
T-24.00
PGas
LAuto & Transportation:Fuel & Gas
^
D8/ 1'18
U-25.45
T-25.45
PHome Depot
LConstruction Supplies
^
D8/ 1'18
U-15.74
T-15.74
PGas
LAuto & Transportation:Fuel & Gas
^
D8/ 1'18
U-19.37
T-19.37
PGas
LAuto & Transportation:Fuel & Gas
^
D8/ 1'18
U-538.33
T-538.33
PC And R Building
LConstruction Supplies
^
D8/ 1'18
U-63.00
T-63.00
PGas
LAuto & Transportation:Fuel & Gas
^
D8/ 1'18
U-57.65
T-57.65
PGas
LAuto & Transportation:Fuel & Gas
^
D8/ 1'18
U-52.21
T-52.21
PGas
LAuto & Transportation:Fuel & Gas
^
D8/ 1'18
U-51.00
T-51.00
PGas
LAuto & Transportation:Fuel & Gas
^
D8/ 1'18
U-14.87
T-14.87
PHome Depot
LConstruction Supplies
^
D8/ 1'18
U-28.52
T-28.52
PGas
LAuto & Transportation:Fuel & Gas
^
D8/ 6'18
U-990.83
T-990.83
N1075
PUs Department Of Labor Occupational Safety Heatlh Administration
LOsha
^
D8/ 6'18
U-10,205.00
T-10,205.00
N1078
PEpn Construction Llc
LSubcontractors
^
D8/ 6'18
U-2,000.00
T-2,000.00
N1079
PBorco Construction LLC
LSubcontractors
^
D8/ 9'18
U-105.00
T-105.00
N1080
PNew Jersey Motor Vehicle Commission
LAuto & Transportation:Registration (Non-Tax deductible)
^
D8/ 9'18
U-100.00
T-100.00
N1081
PPhiladelphia Parking Authority
LAuto & Transportation:Parts & Service
^
D8/ 9'18
U-100.00
T-100.00
N1082
PPhiladelphia Parking Authority
LAuto & Transportation:Parts & Service
^
D8/15'18
U-23,980.00
T-23,980.00
N1083
PEpn Construction Llc
LSubcontractors
^
D8/28'18
U-19,388.00
T-19,388.00
N1085
PEpn Construction Llc
LSubcontractors
^
D9/ 1'18
U45,900.00
T45,900.00
PDEPOSIT
LOther Inc
^
D9/ 1'18
U-29.95
T-29.95
PBank Charge
LBank Charge
^
D9/ 1'18
U-38.40
T-38.40
PGas
LAuto & Transportation:Fuel & Gas
^
D9/ 1'18
U-29.82
T-29.82
PGas
LAuto & Transportation:Fuel & Gas
^
D9/ 1'18
U-143.12
T-143.12
PHome Depot
LConstruction Supplies
^
D9/ 1'18
U-588.56
T-588.56
PAuxiliary Services
LConstruction Supplies
^
D9/ 1'18
U-36.48
T-36.48
PGas
LAuto & Transportation:Fuel & Gas
^
D9/ 1'18
U-22.02
T-22.02
PGas
LAuto & Transportation:Fuel & Gas
^
D9/ 1'18
U-28.07
T-28.07
PC And R Building
LConstruction Supplies
^
D9/ 1'18
U-2,067.12
T-2,067.12
PIlike Windows Llc
LConstruction Supplies
^
D9/ 1'18
U-10.50
T-10.50
PUsps
LPostage and Delivery
^
D9/ 1'18
U-0.84
T-0.84
PWawa
LPersonal
^
D9/ 1'18
U-364.00
T-364.00
PCarvant Financial Llc
LLoan
^
D9/ 1'18
U-18.71
T-18.71
PWawa
LPersonal
^
D9/ 1'18
U-318.58
T-318.58
PSafelite Auto Glass
LAuto & Transportation:Parts & Service
^
D9/ 1'18
U-31.43
T-31.43
PGas
LAuto & Transportation:Fuel & Gas
^
D9/ 1'18
U-15.36
T-15.36
PWawa
LPersonal
^
D9/ 1'18
U-337.92
T-337.92
PAuxiliary Services
LConstruction Supplies
^
D9/ 1'18
U-42.00
T-42.00
PGas
LAuto & Transportation:Fuel & Gas
^
D9/ 1'18
U-12.47
T-12.47
PWawa
LPersonal
^
D9/ 1'18
U-19.13
T-19.13
PHome Depot
LConstruction Supplies
^
D9/ 1'18
U-18.50
T-18.50
PWawa
LPersonal
^
D9/ 1'18
U-13.39
T-13.39
PWalmart
LPersonal
^
D9/ 1'18
U-14.07
T-14.07
PGas
LAuto & Transportation:Fuel & Gas
^
D9/ 1'18
U-41.00
T-41.00
PGas
LAuto & Transportation:Fuel & Gas
^
D9/ 1'18
U-4.00
T-4.00
PWalmart
LPersonal
^
D9/ 1'18
U-22.58
T-22.58
PGas
LAuto & Transportation:Fuel & Gas
^
D9/ 1'18
U-42.38
T-42.38
PAuxiliary Services
LConstruction Supplies
^
D9/ 1'18
U-25.00
T-25.00
PGas
LAuto & Transportation:Fuel & Gas
^
D9/ 1'18
U-51.91
T-51.91
PGas
LAuto & Transportation:Fuel & Gas
^
D9/ 1'18
U-10.98
T-10.98
PWawa
LPersonal
^
D9/ 1'18
U-29.44
T-29.44
PHome Depot
LConstruction Supplies
^
D9/ 1'18
U-17.00
T-17.00
PWawa
LPersonal
^
D9/ 1'18
U-31.00
T-31.00
PGas
LAuto & Transportation:Fuel & Gas
^
D9/ 4'18
U-990.83
T-990.83
N1084
PUs Department Of Labor Osha
LOsha
^
D9/11'18
U-17,347.00
T-17,347.00
N1087
PEpn Construction Llc
LSubcontractors
^
D9/13'18
U-2,000.00
T-2,000.00
N1086
PBorco Construction LLC
LSubcontractors
^
D9/26'18
U-22,000.00
T-22,000.00
N1088
PLariat Construction Inc
LSubcontractors
^
D10/ 1'18
U86,330.00
T86,330.00
PDEPOSIT
LOther Inc
^
D10/ 1'18
U-29.95
T-29.95
PBank Charge
LBank Charge
^
D10/ 1'18
U-38.55
T-38.55
PGas
LAuto & Transportation:Fuel & Gas
^
D10/ 1'18
U-34.00
T-34.00
PGas
LAuto & Transportation:Fuel & Gas
^
D10/ 1'18
U-73.48
T-73.48
PHome Depot
LConstruction Supplies
^
D10/ 1'18
U-57.10
T-57.10
PGas
LAuto & Transportation:Fuel & Gas
^
D10/ 1'18
U-32.52
T-32.52
PGas
LAuto & Transportation:Fuel & Gas
^
D10/ 1'18
U-39.98
T-39.98
PGas
LAuto & Transportation:Fuel & Gas
^
D10/ 1'18
U-32.00
T-32.00
PGas
LAuto & Transportation:Fuel & Gas
^
D10/ 1'18
U-17.15
T-17.15
PWawa
LPersonal
^
D10/ 1'18
U-51.47
T-51.47
PHome Depot
LConstruction Supplies
^
D10/ 1'18
U-59.00
T-59.00
PGas
LAuto & Transportation:Fuel & Gas
^
D10/ 1'18
U-29.00
T-29.00
PGas
LAuto & Transportation:Fuel & Gas
^
D10/ 1'18
U-42.38
T-42.38
PGas
LAuto & Transportation:Fuel & Gas
^
D10/ 1'18
U-389.25
T-389.25
PCarvant Finacial
LLoan
^
D10/ 1'18
U-16.98
T-16.98
PWawa
LPersonal
^
D10/ 1'18
U-29.13
T-29.13
PGas
LAuto & Transportation:Fuel & Gas
^
D10/ 1'18
U-17.79
T-17.79
PWalmart
LPersonal
^
D10/ 1'18
U-57.73
T-57.73
PGas
LAuto & Transportation:Fuel & Gas
^
D10/ 1'18
U-10.90
T-10.90
PWawa
LPersonal
^
D10/ 1'18
U-15.91
T-15.91
PWawa
LPersonal
^
D10/ 1'18
U-36.02
T-36.02
PGas
LAuto & Transportation:Fuel & Gas
^
D10/ 1'18
U-162.39
T-162.39
PGirard Auto
LAuto & Transportation:Parts & Service
^
D10/ 1'18
U-24.99
T-24.99
PGas
LAuto & Transportation:Fuel & Gas
^
D10/ 1'18
U-12.82
T-12.82
PWawa
LPersonal
^
D10/ 1'18
U-33.00
T-33.00
PGas
LAuto & Transportation:Fuel & Gas
^
D10/ 1'18
U-20.32
T-20.32
PGas
LAuto & Transportation:Fuel & Gas
^
D10/ 1'18
U-390.30
T-390.30
PBurlington Store
LPersonal
^
D10/ 1'18
U-35.65
T-35.65
PGas
LAuto & Transportation:Fuel & Gas
^
D10/ 1'18
U-30.37
T-30.37
PHome Depot
LConstruction Supplies
^
D10/ 1'18
U-49.63
T-49.63
PGas
LAuto & Transportation:Fuel & Gas
^
D10/ 1'18
U-37.86
T-37.86
PGas
LAuto & Transportation:Fuel & Gas
^
D10/ 1'18
U-156.69
T-156.69
PValvoline
LAuto & Transportation:Parts & Service
^
D10/ 1'18
U-31.54
T-31.54
PGas
LAuto & Transportation:Fuel & Gas
^
D10/ 1'18
U-13.55
T-13.55
PWawa
LPersonal
^
D10/ 1'18
U-51.00
T-51.00
PGas
LAuto & Transportation:Fuel & Gas
^
D10/ 1'18
U-94.73
T-94.73
PPhiladelphia Pk Authority
LAuto & Transportation:Parts & Service
^
D10/ 1'18
U-48.13
T-48.13
PGas
LAuto & Transportation:Fuel & Gas
^
D10/ 1'18
U-31.28
T-31.28
PGas
LAuto & Transportation:Fuel & Gas
^
D10/ 1'18
U-47.87
T-47.87
PAuxiliary Services
LConstruction Supplies
^
D10/ 1'18
U-54.00
T-54.00
PGas
LAuto & Transportation:Fuel & Gas
^
D10/ 1'18
U-38.07
T-38.07
PGas
LAuto & Transportation:Fuel & Gas
^
D10/ 1'18
U-464.99
T-464.99
PAuxiliary Services
LConstruction Supplies
^
D10/ 1'18
U-68.00
T-68.00
PGas
LAuto & Transportation:Fuel & Gas
^
D10/ 1'18
U-8.16
T-8.16
PWawa
LPersonal
^
D10/ 1'18
U-68.03
T-68.03
PGas
LAuto & Transportation:Fuel & Gas
^
D10/ 1'18
U-2,400.00
T-2,400.00
N1090
PLariat Construction Inc
LSubcontractors
^
D10/ 5'18
U-9,000.00
T-9,000.00
N1089
PLariat Construction Inc
LSubcontractors
^
D10/ 9'18
U-3,500.00
T-3,500.00
N1093
PLariat Construction Inc
LSubcontractors
^
D10/11'18
U-20,500.00
T-20,500.00
N1091
PLariat Construction Inc
LSubcontractors
^
D10/11'18
U-1,066.00
T-1,066.00
N1094
PState Workers Insurance Fund
LInsurance
^
D10/17'18
U-10,205.00
T-10,205.00
N1095
PLariat Construction Inc
LSubcontractors
^
D10/23'18
U-2,000.00
T-2,000.00
N1096
PBorco Construction LLC
LSubcontractors
^
D10/25'18
U-34,000.00
T-34,000.00
N1097
PLariat Construction Inc
LSubcontractors
^
D10/29'18
U-1,000.00
T-1,000.00
N1100
PLariat Construction Inc
LSubcontractors
^
D11/ 1'18
U110,522.00
T110,522.00
PDEPOSIT
LOther Inc
^
D11/ 1'18
U-465.72
T-465.72
PFhf
LInsurance
^
D11/ 1'18
U-20.94
T-20.94
PHome Depot
LConstruction Supplies
^
D11/ 1'18
U-18.45
T-18.45
PGirard Auto
LAuto & Transportation:Parts & Service
^
D11/ 1'18
U-15.85
T-15.85
PGas
LAuto & Transportation:Fuel & Gas
^
D11/ 1'18
U-40.82
T-40.82
PGas
LAuto & Transportation:Fuel & Gas
^
D11/ 1'18
U-27.00
T-27.00
PGas
LAuto & Transportation:Fuel & Gas
^
D11/ 1'18
U-178.53
T-178.53
PAuxiliary Services
LConstruction Supplies
^
D11/ 1'18
U-28.00
T-28.00
PGas
LAuto & Transportation:Fuel & Gas
^
D11/ 1'18
U-24.00
T-24.00
PGarces Events
LPersonal
^
D11/ 1'18
U-29.00
T-29.00
PGas
LAuto & Transportation:Fuel & Gas
^
D11/ 1'18
U-718.23
T-718.23
PAuxiliary Services
LConstruction Supplies
^
D11/ 1'18
U-57.99
T-57.99
PEz Pass
LAuto & Transportation:Tolls
^
D11/ 1'18
U-313.74
T-313.74
PAuxiliary Services
LConstruction Supplies
^
D11/ 1'18
U-21.68
T-21.68
PGas
LAuto & Transportation:Fuel & Gas
^
D11/ 1'18
U-42.48
T-42.48
PHome Depot
LConstruction Supplies
^
D11/ 1'18
U-55.68
T-55.68
PHome Depot
LConstruction Supplies
^
D11/ 1'18
U-43.92
T-43.92
PGas
LAuto & Transportation:Fuel & Gas
^
D11/ 1'18
U-14.89
T-14.89
PGas
LAuto & Transportation:Fuel & Gas
^
D11/ 1'18
U-386.00
T-386.00
PCarvant Finacial
LLoan
^
D11/ 1'18
U-40.00
T-40.00
PGas
LAuto & Transportation:Fuel & Gas
^
D11/ 1'18
U-45.17
T-45.17
PGas
LAuto & Transportation:Fuel & Gas
^
D11/ 1'18
U-32.15
T-32.15
PGas
LAuto & Transportation:Fuel & Gas
^
D11/ 1'18
U-27.04
T-27.04
PGas
LAuto & Transportation:Fuel & Gas
^
D11/ 1'18
U-57.26
T-57.26
PHome Depot
LConstruction Supplies
^
D11/ 1'18
U-25.87
T-25.87
PGas
LAuto & Transportation:Fuel & Gas
^
D11/ 1'18
U-33.00
T-33.00
PGas
LAuto & Transportation:Fuel & Gas
^
D11/ 1'18
U-21.00
T-21.00
PGas
LAuto & Transportation:Fuel & Gas
^
D11/ 1'18
U-20.24
T-20.24
PLowes
LConstruction Supplies
^
D11/ 1'18
U-46.97
T-46.97
PGas
LAuto & Transportation:Fuel & Gas
^
D11/ 1'18
U-50.00
T-50.00
PGas
LAuto & Transportation:Fuel & Gas
^
D11/ 1'18
U-41.50
T-41.50
PGas
LAuto & Transportation:Fuel & Gas
^
D11/ 1'18
U-4.10
T-4.10
PUsps
LPostage and Delivery
^
D11/ 1'18
U-10.85
T-10.85
PGas
LAuto & Transportation:Fuel & Gas
^
D11/ 1'18
U-1,868.25
T-1,868.25
PNjmvc
LAuto & Transportation:Registration (Non-Tax deductible)
^
D11/ 1'18
U-15.06
T-15.06
PWawa
LPersonal
^
D11/ 1'18
U-52.40
T-52.40
PGas
LAuto & Transportation:Fuel & Gas
^
D11/ 1'18
U-31.47
T-31.47
PGas
LAuto & Transportation:Fuel & Gas
^
D11/ 1'18
U-53.00
T-53.00
PGas
LAuto & Transportation:Fuel & Gas
^
D11/ 1'18
U-14.03
T-14.03
PHome Depot
LConstruction Supplies
^
D11/ 1'18
U-53.14
T-53.14
PHome Depot
LConstruction Supplies
^
D11/ 1'18
U-65.80
T-65.80
PGas
LAuto & Transportation:Fuel & Gas
^
D11/ 6'18
U-42,449.00
T-42,449.00
N1098
PLariat Construction Inc
LSubcontractors
^
D11/13'18
U-1,066.00
T-1,066.00
N1099
PState Workers Insurance Fund
LInsurance
^
D11/13'18
U-1,000.00
T-1,000.00
N1101
PLariat Construction Inc
LSubcontractors
^
D11/15'18
U-6,000.00
T-6,000.00
N1100
PLariat Construction Inc
LSubcontractors
^
D11/19'18
U-26,979.00
T-26,979.00
N1101
PLariat Construction Inc
LSubcontractors
^
D11/26'18
U-22,000.00
T-22,000.00
N1102
PAlliance Contractors Corp
LSubcontractors
^
D11/26'18
U-1,500.00
T-1,500.00
N1102
PAlliance Contractors Corp
LSubcontractors
^
D11/29'18
U-2,076.00
T-2,076.00
N1104
PNew Jersey Dvision Of Taxation
LTax
^
D11/30'18
U-2,037.00
T-2,037.00
N1103
PDepartment Of The Treasury
LTax
^
D12/ 1'18
U112,100.00
T112,100.00
PDEPOSIT
LOther Inc
^
D12/ 1'18
U-39.00
T-39.00
PBank Charge
LBank Charge
^
D12/ 1'18
U-465.72
T-465.72
PFhf
LInsurance
^
D12/ 1'18
U-26.51
T-26.51
PGas
LAuto & Transportation:Fuel & Gas
^
D12/ 1'18
U-40.92
T-40.92
PAuxiliary Services
LConstruction Supplies
^
D12/ 1'18
U-20.00
T-20.00
PGas
LAuto & Transportation:Fuel & Gas
^
D12/ 1'18
U-31.99
T-31.99
PAuxiliary Services
LConstruction Supplies
^
D12/ 1'18
U-34.54
T-34.54
PGas
LAuto & Transportation:Fuel & Gas
^
D12/ 1'18
U-646.53
T-646.53
PAuxiliary Services
LConstruction Supplies
^
D12/ 1'18
U-62.91
T-62.91
PAuxiliary Services
LConstruction Supplies
^
D12/ 1'18
U-132.95
T-132.95
PWalmart
LPersonal
^
D12/ 1'18
U-23.15
T-23.15
PGas
LAuto & Transportation:Fuel & Gas
^
D12/ 1'18
U-30.33
T-30.33
PGas
LAuto & Transportation:Fuel & Gas
^
D12/ 1'18
U-20.19
T-20.19
PHome Depot
LConstruction Supplies
^
D12/ 1'18
U-25.25
T-25.25
PGas
LAuto & Transportation:Fuel & Gas
^
D12/ 1'18
U-25.79
T-25.79
PGas
LAuto & Transportation:Fuel & Gas
^
D12/ 1'18
U-25.14
T-25.14
PGas
LAuto & Transportation:Fuel & Gas
^
D12/ 1'18
U-218.31
T-218.31
PAutozone
LAuto & Transportation:Parts & Service
^
D12/ 1'18
U-396.00
T-396.00
PCarvant Financial Llc
LAuto & Transportation
^
D12/ 1'18
U-11.90
T-11.90
PWawa
LPersonal
^
D12/ 1'18
U-22.88
T-22.88
PGas
LAuto & Transportation:Fuel & Gas
^
D12/ 1'18
U-23.78
T-23.78
PGas
LAuto & Transportation:Fuel & Gas
^
D12/ 1'18
U-10.41
T-10.41
PWalmart
LPersonal
^
D12/ 1'18
U-21.00
T-21.00
PGas
LAuto & Transportation:Fuel & Gas
^
D12/ 1'18
U-25.50
T-25.50
PGas
LAuto & Transportation:Fuel & Gas
^
D12/ 1'18
U-25.00
T-25.00
PGas
LAuto & Transportation:Fuel & Gas
^
D12/ 1'18
U-15.95
T-15.95
PCoral Mini Mart
LPersonal
^
D12/ 1'18
U-28.00
T-28.00
PGas
LAuto & Transportation:Fuel & Gas
^
D12/ 1'18
U-39.64
T-39.64
PHome Depot
LConstruction Supplies
^
D12/ 1'18
U-22.00
T-22.00
PGas
LAuto & Transportation:Fuel & Gas
^
D12/ 1'18
U-11.00
T-11.00
PWawa
LPersonal
^
D12/ 1'18
U-27.00
T-27.00
PGas
LAuto & Transportation:Fuel & Gas
^
D12/ 1'18
U-23.00
T-23.00
PGas
LAuto & Transportation:Fuel & Gas
^
D12/ 1'18
U-517.20
T-517.20
PAuxiliary Services
LConstruction Supplies
^
D12/ 1'18
U-25.34
T-25.34
PAuxiliary Services
LConstruction Supplies
^
D12/ 1'18
U-40.92
T-40.92
PAuxiliary Services
LConstruction Supplies
^
D12/ 1'18
U-10.70
T-10.70
PWawa
LPersonal
^
D12/ 1'18
U-48.03
T-48.03
PHome Depot
LConstruction Supplies
^
D12/ 1'18
U-7.99
T-7.99
PWawa
LPersonal
^
D12/ 1'18
U-14.18
T-14.18
PWawa
LPersonal
^
D12/ 1'18
U-36.39
T-36.39
PGas
LAuto & Transportation:Fuel & Gas
^
D12/ 1'18
U-30.01
T-30.01
PHome Depot
LConstruction Supplies
^
D12/ 1'18
U-13.00
T-13.00
PWawa
LPersonal
^
D12/ 1'18
U-57.17
T-57.17
PGas
LAuto & Transportation:Fuel & Gas
^
D12/ 1'18
U-7.99
T-7.99
PWawa
LPersonal
^
D12/ 1'18
U-318.60
T-318.60
PHome Depot
LConstruction Supplies
^
D12/ 1'18
U-525.75
T-525.75
PC And R Building
LConstruction Supplies
^
D12/ 1'18
U-15.50
T-15.50
PWawa
LPersonal
^
D12/ 1'18
U-22.50
T-22.50
PGas
LAuto & Transportation:Fuel & Gas
^
D12/ 1'18
U-46.43
T-46.43
PC And R Building
LConstruction Supplies
^
D12/ 1'18
U-9.11
T-9.11
PWawa
LPersonal
^
D12/ 1'18
U-29.59
T-29.59
PGas
LAuto & Transportation:Fuel & Gas
^
D12/ 1'18
U-369.41
T-369.41
PHome Depot
LConstruction Supplies
^
D12/ 5'18
U-28,062.00
T-28,062.00
N1105
PAlliance Contractors Corp
LSubcontractors
^
D12/11'18
U-2,000.00
T-2,000.00
N1106
PBorco Construction LLC
LSubcontractors
^
D12/18'18
U-35,715.00
T-35,715.00
N1107
PAlliance Contractors Corp
LSubcontractors
^
D12/27'18
U-22,613.00
T-22,613.00
N1108
PLariat Construction Inc
LSubcontractors
^
D12/27'18
U-8,000.00
T-8,000.00
N1109
PAlliance Contractors Corp
LSubcontractors
^
D12/31'18
U-10,000.00
T-10,000.00
N1110
PAlexandro Cezar Da Silva
LPersonal
^
D1/ 2'19
U-35.00
T-35.00
C*
PWawa
LAuto & Transportation:Fuel & Gas
^
D1/ 2'19
U-40.57
T-40.57
C*
PWawa
LAuto & Transportation:Fuel & Gas
^
D1/ 3'19
U-23.07
T-23.07
C*
PWawa
LAuto & Transportation:Fuel & Gas
^
D1/ 3'19
U-37.25
T-37.25
C*
PWawa
LAuto & Transportation:Fuel & Gas
^
D1/ 4'19
U-30.00
T-30.00
C*
PGas
LAuto & Transportation:Fuel & Gas
^
D1/ 7'19
U-34.48
T-34.48
C*
PWawa
LAuto & Transportation:Fuel & Gas
^
D1/ 7'19
U-24.50
T-24.50
C*
PWawa
LAuto & Transportation:Fuel & Gas
^
D1/ 7'19
U-10.63
T-10.63
C*
PWal-Mart Store 01/06 PURCHASE BURLINGTON NJ DEBIT CARD *0528
LAlexandro Dasilva
^
D1/ 8'19
U-19.07
T-19.07
C*
PWawa
LAlexandro Dasilva
^
D1/ 8'19
U-71.50
T-71.50
C*
PNJMVC MOUNT HOLLY 01/07 PURCHASE DELANCO NJ DEBIT CARD *0528
LAuto & Transportation:Registration (Non-Tax deductible)
^
D1/ 9'19
U-18.03
T-18.03
C*
PWawa
LAlexandro Dasilva
^
D1/10'19
U-24.06
T-24.06
C*
PWawa
LAuto & Transportation:Fuel & Gas
^
D1/10'19
U-35.19
T-35.19
C*
PAuxiliary Service & Hardware
LConstruction Supplies
^
D1/11'19
U19,324.00
T19,324.00
C*
PDEPOSIT
^
D1/11'19
U-20.71
T-20.71
C*
PWawa
LAuto & Transportation:Fuel & Gas
^
D1/11'19
U-465.72
T-465.72
C*
PFHF DES:FHF ID:000000000043402 INDN:ESDRON P BATISTA CO ID:1383
LInsurance
^
D1/14'19
U-406.00
T-406.00
C*
PCarvant Financial Llc
LAuto & Transportation
^
D1/14'19
U-24.50
T-24.50
C*
PWawa
LAuto & Transportation:Fuel & Gas
^
D1/14'19
U-18,500.00
T-18,500.00
C*
N1111
PAlliance Contractors Corp
LSubcontractors
^
D1/15'19
U-34.01
T-34.01
C*
PWawa
LAuto & Transportation:Fuel & Gas
^
D1/15'19
U-38.15
T-38.15
C*
PWawa
LAuto & Transportation:Fuel & Gas
^
D1/15'19
U-92.79
T-92.79
C*
PHome Depot
LConstruction Supplies
^
D1/16'19
U-27.00
T-27.00
C*
PWawa
LAuto & Transportation:Fuel & Gas
^
D1/16'19
U-25.57
T-25.57
C*
PWawa
LAuto & Transportation:Fuel & Gas
^
D1/16'19
U-27.99
T-27.99
C*
PHome Depot
LConstruction Supplies
^
D1/17'19
U-10.74
T-10.74
C*
PWawa
LAlexandro Dasilva
^
D1/17'19
U-22.95
T-22.95
C*
PWawa
LAuto & Transportation:Fuel & Gas
^
D1/17'19
U-12.47
T-12.47
C*
PCORAL MINI MAR 01/17 PURCHASE PHILADELPHIA PA DEBIT CARD *0528
LAlexandro Dasilva
^
D1/18'19
U-38.57
T-38.57
C*
PWawa
LAuto & Transportation:Fuel & Gas
^
D1/18'19
U-20.49
T-20.49
C*
PWawa
LAuto & Transportation:Fuel & Gas
^
D1/18'19
U-25.43
T-25.43
C*
PHome Depot
LConstruction Supplies
^
D1/18'19
U-14.00
T-14.00
C*
PGas
LAuto & Transportation:Fuel & Gas
^
D1/22'19
U-37.00
T-37.00
C*
PWawa
LAuto & Transportation:Fuel & Gas
^
D1/22'19
U-25.00
T-25.00
C*
PWawa
LAuto & Transportation:Fuel & Gas
^
D1/22'19
U-31.48
T-31.48
C*
PGas
LAuto & Transportation:Fuel & Gas
^
D1/22'19
U-625.60
T-625.60
C*
PAuxiliary Service & Hardware
LConstruction Supplies
^
D1/22'19
U-5,000.00
T-5,000.00
C*
N1112
PAlexandro c Da Silva
LAlexandro Dasilva
^
D1/23'19
U-13.86
T-13.86
C*
PWawa
LAlexandro Dasilva
^
D1/23'19
U-11.71
T-11.71
C*
PWawa
LAlexandro Dasilva
^
D1/24'19
U-29.05
T-29.05
C*
PWawa
LAuto & Transportation:Fuel & Gas
^
D1/25'19
U40,000.00
T40,000.00
C*
PDEPOSIT
^
D1/25'19
U-13.20
T-13.20
C*
PWawa
LAlexandro Dasilva
^
D1/28'19
U8,464.00
T8,464.00
C*
PDEPOSIT
^
D1/28'19
U-20.63
T-20.63
C*
PWawa
LAuto & Transportation:Fuel & Gas
^
D1/28'19
U-32.18
T-32.18
C*
PGas
LAuto & Transportation:Fuel & Gas
^
D1/28'19
U-10.00
T-10.00
C*
PGas
LAuto & Transportation:Fuel & Gas
^
D1/28'19
U-27.64
T-27.64
C*
PWawa
LAuto & Transportation:Fuel & Gas
^
D1/28'19
U-1,066.00
T-1,066.00
C*
N1113
PState Workers Insurance Fund
LInsurance
^
D1/29'19
U-32.44
T-32.44
C*
PWawa
LAuto & Transportation:Fuel & Gas
^
D1/29'19
U-37.85
T-37.85
C*
PWawa
LAuto & Transportation:Fuel & Gas
^
D1/30'19
U-23.18
T-23.18
C*
PWawa
LAuto & Transportation:Fuel & Gas
^
D1/30'19
U-21.23
T-21.23
C*
PHome Depot
LConstruction Supplies
^
D1/30'19
U-45,900.00
T-45,900.00
C*
N1114
PAlliance Contractors Corp
LSubcontractors
^
D1/31'19
U-27.04
T-27.04
C*
PWawa
LAuto & Transportation:Fuel & Gas
^
D1/31'19
U-14.20
T-14.20
C*
PWawa
LAlexandro Dasilva
^
D2/ 1'19
U-142.56
T-142.56
C*
PCONSTRUCTION BUILDING 01/30 PURCHASE PHILADELPHIA PA DEBIT CARD
LConstruction Supplies
^
D2/ 1'19
U-23.29
T-23.29
C*
PWawa
LAuto & Transportation:Fuel & Gas
^
D2/ 1'19
U-29.95
T-29.95
C*
PMonthly Fee for Business Advantage
LBank Charge
^
D2/ 4'19
U10,500.00
T10,500.00
C*
PDEPOSIT
^
D2/ 4'19
U-11.72
T-11.72
C*
PWawa
LAlexandro Dasilva
^
D2/ 4'19
U-11.50
T-11.50
C*
PWawa
LAlexandro Dasilva
^
D2/ 4'19
U-23.57
T-23.57
C*
PWawa
LAuto & Transportation:Fuel & Gas
^
D2/ 4'19
U-79.90
T-79.90
C*
PHarbor Freight
LConstruction Supplies
^
D2/ 5'19
U-168.89
T-168.89
C*
PAuxiliary Service & Hardware
LConstruction Supplies
^
D2/ 5'19
U-36.89
T-36.89
C*
PWawa
LAuto & Transportation:Fuel & Gas
^
D2/ 6'19
U-582.62
T-582.62
C*
PAuxiliary Service & Hardware
LConstruction Supplies
^
D2/ 6'19
U-10,368.00
T-10,368.00
C*
N1116
PAlliance Contractors Corp
LSubcontractors
^
D2/ 7'19
U-30.00
T-30.00
C*
PWawa
LAuto & Transportation:Fuel & Gas
^
D2/ 8'19
U-36.16
T-36.16
C*
PCONSTRUCTION BUILDING 02/06 PURCHASE PHILADELPHIA PA DEBIT CARD
LConstruction Supplies
^
D2/ 8'19
U-28.87
T-28.87
C*
PWawa
LAuto & Transportation:Fuel & Gas
^
D2/ 8'19
U-22.30
T-22.30
C*
PBp
LAuto & Transportation:Fuel & Gas
^
D2/ 8'19
U-29.34
T-29.34
C*
PBp
LAuto & Transportation:Fuel & Gas
^
D2/ 8'19
U-50.00
T-50.00
C*
PAdvnaced Auto
LAuto & Transportation:Parts & Service
^
D2/ 8'19
U-80.00
T-80.00
C*
PAdvnaced Auto
LAuto & Transportation:Parts & Service
^
D2/11'19
U23,000.00
T23,000.00
C*
PDEPOSIT
^
D2/11'19
U-339.02
T-339.02
C*
PAuxiliary Service & Hardware
LConstruction Supplies
^
D2/11'19
U-406.00
T-406.00
C*
PCarvant Financial Llc
LAuto & Transportation
^
D2/11'19
U-31.05
T-31.05
C*
PWawa
LAuto & Transportation:Fuel & Gas
^
D2/11'19
U-32.58
T-32.58
C*
PHome Depot
LConstruction Supplies
^
D2/11'19
U-23.50
T-23.50
C*
PWawa
LAuto & Transportation:Fuel & Gas
^
D2/11'19
U-16.46
T-16.46
C*
PHome Depot
LConstruction Supplies
^
D2/11'19
U-465.72
T-465.72
C*
PFHF DES:FHF ID:000000000043402 INDN:ESDRON P BATISTA CO ID:1383
LInsurance
^
D2/12'19
U-3.62
T-3.62
C*
PWawa
LAlexandro Dasilva
^
D2/12'19
U-25.33
T-25.33
C*
PWawa
LAuto & Transportation:Fuel & Gas
^
D2/13'19
U-17.27
T-17.27
C*
PWawa
LAlexandro Dasilva
^
D2/13'19
U-26,113.00
T-26,113.00
C*
N1117
PAlliance Contractors Corp
LSubcontractors
^
D2/14'19
U-14.33
T-14.33
C*
PWawa
LAlexandro Dasilva
^
D2/14'19
U-23.75
T-23.75
C*
PC R Building
LConstruction Supplies
^
D2/14'19
U-24.00
T-24.00
C*
PBp
LAuto & Transportation:Fuel & Gas
^
D2/14'19
U-12.25
T-12.25
C*
PBp
LAuto & Transportation:Fuel & Gas
^
D2/19'19
U24,000.00
T24,000.00
C*
PDEPOSIT
^
D2/19'19
U8,000.00
T8,000.00
C*
PDEPOSIT
^
D2/19'19
U-27.49
T-27.49
C*
PWawa
LAuto & Transportation:Fuel & Gas
^
D2/19'19
U-496.21
T-496.21
C*
PAuxiliary Service & Hardware
LConstruction Supplies
^
D2/19'19
U-27.00
T-27.00
C*
PWawa
LAuto & Transportation:Fuel & Gas
^
D2/19'19
U-31.58
T-31.58
C*
PWawa
LAuto & Transportation:Fuel & Gas
^
D2/20'19
U-24.54
T-24.54
C*
PWawa
LAuto & Transportation:Fuel & Gas
^
D2/20'19
U-20,000.00
T-20,000.00
C*
N1118
PAlliance Contractors Corp
L[Checking 4926]
^
D2/21'19
U-23.51
T-23.51
C*
PWawa
LAuto & Transportation:Fuel & Gas
^
D2/21'19
U-30.44
T-30.44
C*
PWawa
LAuto & Transportation:Fuel & Gas
^
D2/22'19
U16,287.00
T16,287.00
C*
PDEPOSIT
^
D2/25'19
U-35.12
T-35.12
C*
PWawa
LAuto & Transportation:Fuel & Gas
^
D2/25'19
U-12.83
T-12.83
C*
PGas
LAuto & Transportation:Fuel & Gas
^
D2/25'19
U-85.26
T-85.26
C*
PSAMS CLUB SAM' 02/24 PURCHASE CINNAMINSON N NJ DEBIT CARD *0528
LAlexandro Dasilva
^
D2/25'19
U-29.37
T-29.37
C*
PWawa
LAuto & Transportation:Fuel & Gas
^
D2/25'19
U-37.04
T-37.04
C*
PHome Depot
LConstruction Supplies
^
D2/25'19
U-16,000.00
T-16,000.00
C*
N1123
PAlliance Contractors Corp
LSubcontractors
^
D2/26'19
U16,900.00
T16,900.00
C*
PDEPOSIT
^
D2/27'19
U-17.70
T-17.70
C*
PWawa
LAlexandro Dasilva
^
D2/28'19
U-24.69
T-24.69
C*
PWawa
LAuto & Transportation:Fuel & Gas
^
D2/28'19
U-18.43
T-18.43
C*
PGas
LAuto & Transportation:Fuel & Gas
^
D2/28'19
U-13,725.00
T-13,725.00
C*
N1124
PAlliance Contractors Corp
LSubcontractors
^
D3/ 1'19
U6,300.00
T6,300.00
C*
PDEPOSIT
^
D3/ 1'19
U-27.08
T-27.08
C*
PWawa
LAuto & Transportation:Fuel & Gas
^
D3/ 1'19
U-23.70
T-23.70
C*
PHome Depot
LConstruction Supplies
^
D3/ 1'19
U-29.95
T-29.95
C*
PMonthly Fee for Business Advantage
LBank Charge
^
D3/ 4'19
U-17.50
T-17.50
C*
PWawa
LAlexandro Dasilva
^
D3/ 4'19
U-34.32
T-34.32
C*
PWawa
LAuto & Transportation:Fuel & Gas
^
D3/ 4'19
U-7.37
T-7.37
C*
PHome Depot
LConstruction Supplies
^
D3/ 4'19
U-20.49
T-20.49
C*
PRITE AID STORE 03/04 PURCHASE PHILADELPHIA PA DEBIT CARD *0528
LAlexandro Dasilva
^
D3/ 4'19
U-991.00
T-991.00
C*
N1119
PUs Department Of Labor Occupational Safety Heatlh Administratio
LTax
^
D3/ 4'19
U-2,000.00
T-2,000.00
C*
N1120
PBorco Construction LLC
LSubcontractors
^
D3/ 5'19
U-19.62
T-19.62
C*
PWawa
LAlexandro Dasilva
^
D3/ 5'19
U-10.78
T-10.78
C*
P7elevem
LAlexandro Dasilva
^
D3/ 6'19
U-22.27
T-22.27
C*
PWawa
LAuto & Transportation:Fuel & Gas
^
D3/ 6'19
U-21.76
T-21.76
C*
PWawa
LAuto & Transportation:Fuel & Gas
^
D3/ 7'19
U-10,492.00
T-10,492.00
C*
N1125
PAlliance Contractors Corp
LSubcontractors
^
D3/ 7'19
U-1,100.00
T-1,100.00
C*
N1126
PAndrew s Viola Ssq
LLegal Fees
^
D3/ 8'19
U-14.52
T-14.52
C*
PWawa
LAlexandro Dasilva
^
D3/ 8'19
U-8.49
T-8.49
C*
PHome Depot
LConstruction Supplies
^
D3/11'19
U24,100.00
T24,100.00
C*
PDEPOSIT
^
D3/11'19
U-39.09
T-39.09
C*
PWawa
LAuto & Transportation:Fuel & Gas
^
D3/11'19
U-465.72
T-465.72
C*
PFHF DES:FHF ID:000000000043402 INDN:ESDRON P BATISTA CO ID:1383
LInsurance
^
D3/11'19
U-804.00
T-804.00
C*
N1128
PState Workers Insurance Fund
LInsurance
^
D3/12'19
U-406.00
T-406.00
C*
PCarvant Financial Llc
LAuto & Transportation
^
D3/12'19
U-38.14
T-38.14
C*
PWawa
LAuto & Transportation:Fuel & Gas
^
D3/13'19
U-14.36
T-14.36
C*
PWawa
LAlexandro Dasilva
^
D3/14'19
U-20.27
T-20.27
C*
PWawa
LAuto & Transportation:Fuel & Gas
^
D3/14'19
U-27,000.00
T-27,000.00
C*
N1129
PAlliance Contractors Corp
LSubcontractors
^
D3/15'19
U2,116.00
T2,116.00
C*
PDEPOSIT
^
D3/15'19
U500.00
T500.00
C*
PDEPOSIT
^
D3/15'19
U-25.14
T-25.14
C*
PWawa
LAuto & Transportation:Fuel & Gas
^
D3/15'19
U-116.05
T-116.05
C*
PAuxiliary Service & Hardware
LConstruction Supplies
^
D3/18'19
U-23.02
T-23.02
C*
PWawa
LAuto & Transportation:Fuel & Gas
^
D3/18'19
U-2,200.00
T-2,200.00
C*
N1130
PAlexandro c Da Silva
LAlexandro Dasilva
^
D3/19'19
U-42.05
T-42.05
C*
PWawa
LAuto & Transportation:Fuel & Gas
^
D3/20'19
U-17.92
T-17.92
C*
PWawa
LAlexandro Dasilva
^
D3/21'19
U-21.39
T-21.39
C*
PWawa
LAuto & Transportation:Fuel & Gas
^
D3/22'19
U38,500.00
T38,500.00
C*
PCounter Credit
^
D3/22'19
U-11.82
T-11.82
C*
PWawa
LAlexandro Dasilva
^
D3/25'19
U-24.24
T-24.24
C*
PWawa
LAuto & Transportation:Fuel & Gas
^
D3/25'19
U-17.55
T-17.55
C*
PWawa
LAlexandro Dasilva
^
D3/25'19
U-5.39
T-5.39
C*
P7elevem
LAlexandro Dasilva
^
D3/25'19
U-3,000.00
T-3,000.00
C*
N1134
PAlexandro c Da Silva
LAlexandro Dasilva
^
D3/26'19
U-60.00
T-60.00
C*
PWawa
LAuto & Transportation:Fuel & Gas
^
D3/26'19
U-18.98
T-18.98
C*
PWawa
LAlexandro Dasilva
^
D3/26'19
U-298.55
T-298.55
C*
PAuxiliary Service & Hardware
LConstruction Supplies
^
D3/26'19
U-14.32
T-14.32
C*
PGas
LAuto & Transportation:Fuel & Gas
^
D3/26'19
U-18,368.00
T-18,368.00
C*
N1131
PAlliance Contractors Corp
LSubcontractors
^
D3/26'19
U-6,700.00
T-6,700.00
C*
N1132
PAlliance Contractors Corp
LSubcontractors
^
D3/26'19
U-7,000.00
T-7,000.00
C*
N1133
PAlliance Contractors Corp
LSubcontractors
^
D3/27'19
U-26.21
T-26.21
C*
PWawa
LAuto & Transportation:Fuel & Gas
^
D3/27'19
U-10.78
T-10.78
C*
P7elevem
LAlexandro Dasilva
^
D3/28'19
U-43.79
T-43.79
C*
PWawa
LAuto & Transportation:Fuel & Gas
^
D3/28'19
U-25.06
T-25.06
C*
PWawa
LAuto & Transportation:Fuel & Gas
^
D3/28'19
U-127.34
T-127.34
C*
PAuxiliary Service & Hardware
LConstruction Supplies
^
D3/29'19
U10,000.00
T10,000.00
C*
PDEPOSIT
^
D3/29'19
U-33.51
T-33.51
C*
PWawa
LAuto & Transportation:Fuel & Gas
^
D3/29'19
U-26.00
T-26.00
C*
PWawa
LAuto & Transportation:Fuel & Gas
^
D3/29'19
U-16.22
T-16.22
C*
PWawa
LAlexandro Dasilva
^
D4/ 1'19
U-13.24
T-13.24
C*
PWawa
LAlexandro Dasilva
^
D4/ 1'19
U-22.60
T-22.60
C*
PWawa
LAuto & Transportation:Fuel & Gas
^
D4/ 1'19
U-14.99
T-14.99
C*
PWawa
LAlexandro Dasilva
^
D4/ 1'19
U-56.16
T-56.16
C*
PAuxiliary Service & Hardware
LConstruction Supplies
^
D4/ 1'19
U-46.00
T-46.00
C*
PWawa
LAuto & Transportation:Fuel & Gas
^
D4/ 1'19
U-24.71
T-24.71
C*
PWawa
LAuto & Transportation:Fuel & Gas
^
D4/ 1'19
U-29.92
T-29.92
C*
PWawa
LAuto & Transportation:Fuel & Gas
^
D4/ 1'19
U-287.89
T-287.89
C*
PAuxiliary Service & Hardware
LConstruction Supplies
^
D4/ 1'19
U-27.05
T-27.05
C*
PWawa
LAuto & Transportation:Fuel & Gas
^
D4/ 1'19
U-41.49
T-41.49
C*
PHome Depot
LConstruction Supplies
^
D4/ 1'19
U-8.58
T-8.58
C*
PHome Depot
LConstruction Supplies
^
D4/ 1'19
U-14.97
T-14.97
C*
PALMONTE FOOD M 04/01 PURCHASE PHILADELPHIA PA DEBIT CARD *0585
LAlexandro Dasilva
^
D4/ 2'19
U-20.50
T-20.50
C*
PWawa
LAuto & Transportation:Fuel & Gas
^
D4/ 2'19
U-49.31
T-49.31
C*
PHome Depot
LConstruction Supplies
^
D4/ 3'19
U-37.00
T-37.00
C*
PWawa
LAuto & Transportation:Fuel & Gas
^
D4/ 3'19
U-24.65
T-24.65
C*
PWawa
LAuto & Transportation:Fuel & Gas
^
D4/ 4'19
U-27.60
T-27.60
C*
PWawa
LAuto & Transportation:Fuel & Gas
^
D4/ 4'19
U-18.37
T-18.37
C*
PWawa
LAlexandro Dasilva
^
D4/ 4'19
U-10,205.00
T-10,205.00
C*
N1136
PAlliance Contractors Corp
LSubcontractors
^
D4/ 5'19
U5,000.00
T5,000.00
C*
PDEPOSIT
^
D4/ 5'19
U-26.47
T-26.47
C*
PWawa
LAuto & Transportation:Fuel & Gas
^
D4/ 5'19
U-17.31
T-17.31
C*
PWawa
LAlexandro Dasilva
^
D4/ 5'19
U-288.40
T-288.40
C*
PAuxiliary Service & Hardware
LConstruction Supplies
^
D4/ 8'19
U3,000.00
T3,000.00
C*
PDEPOSIT
^
D4/ 8'19
U-32.56
T-32.56
C*
PWawa
LAuto & Transportation:Fuel & Gas
^
D4/ 8'19
U-19.21
T-19.21
C*
PWawa
LAlexandro Dasilva
^
D4/ 8'19
U-15.22
T-15.22
C*
PWawa
LAlexandro Dasilva
^
D4/ 8'19
U-21.31
T-21.31
C*
PHarbor Freight
LConstruction Supplies
^
D4/ 8'19
U-991.00
T-991.00
C*
N1135
PUs Department Of Labor Occupational Safety Heatlh Administratio
LOsha
^
D4/ 8'19
U-804.00
T-804.00
C*
N1137
PState Workers Insurance Fund
LInsurance
^
D4/ 9'19
U-31.00
T-31.00
C*
PWawa
LAuto & Transportation:Fuel & Gas
^
D4/ 9'19
U-16.37
T-16.37
C*
PAutozone
LAuto & Transportation:Parts & Service
^
D4/10'19
U-63.23
T-63.23
C*
PWawa
LAuto & Transportation:Fuel & Gas
^
D4/10'19
U-19.76
T-19.76
C*
PWawa
LAlexandro Dasilva
^
D4/10'19
U-654.47
T-654.47
C*
PAuxiliary Service & Hardware
LConstruction Supplies
^
D4/10'19
U-25.48
T-25.48
C*
PAuxiliary Service & Hardware
LConstruction Supplies
^
D4/10'19
U-8,165.00
T-8,165.00
C*
N1138
PAlliance Contractors Corp
LSubcontractors
^
D4/11'19
U-456.00
T-456.00
C*
PCarvant Financial Llc
LAuto & Transportation
^
D4/11'19
U-27.99
T-27.99
C*
PWawa
LAuto & Transportation:Fuel & Gas
^
D4/11'19
U-21.95
T-21.95
C*
PWawa
LAuto & Transportation:Fuel & Gas
^
D4/11'19
U-465.72
T-465.72
C*
PFHF DES:FHF ID:000000000043402 INDN:ESDRON P BATISTA CO ID:1383
LInsurance
^
D4/12'19
U42,600.00
T42,600.00
C*
PDEPOSIT
^
D4/12'19
U200.00
T200.00
C*
PDEPOSIT
^
D4/15'19
U10,300.00
T10,300.00
C*
PDEPOSIT
^
D4/15'19
U-35.61
T-35.61
C*
PWawa
LAuto & Transportation:Fuel & Gas
^
D4/15'19
U-485.97
T-485.97
C*
PC R Building
LConstruction Supplies
^
D4/15'19
U-55.00
T-55.00
C*
PGas
LAuto & Transportation:Fuel & Gas
^
D4/15'19
U-5,500.00
T-5,500.00
C*
N1140
PAlexandro c Da Silva
LAlexandro Dasilva
^
D4/16'19
U-17.50
T-17.50
C*
PWawa
LAlexandro Dasilva
^
D4/17'19
U-42,858.00
T-42,858.00
C*
N1139
PAlliance Contractors Corp
LSubcontractors
^
D4/18'19
U-25.00
T-25.00
C*
PWawa
LAuto & Transportation:Fuel & Gas
^
D4/18'19
U-19.84
T-19.84
C*
PHome Depot
LConstruction Supplies
^
D4/18'19
U-1,500.00
T-1,500.00
C*
N1141
PAndrew s Viola Ssq
LLegal Fees
^
D4/19'19
U13,000.00
T13,000.00
C*
PDEPOSIT
^
D4/19'19
U-14.86
T-14.86
C*
PGas
LAuto & Transportation:Fuel & Gas
^
D4/22'19
U-49.37
T-49.37
C*
PWawa
LAuto & Transportation:Fuel & Gas
^
D4/22'19
U-27.33
T-27.33
C*
PHome Depot
LConstruction Supplies
^
D4/22'19
U-3,247.00
T-3,247.00
C*
N1142
PEsdron Batista
LCasual Labor
^
D4/23'19
U-48.00
T-48.00
C*
PWawa
LAuto & Transportation:Fuel & Gas
^
D4/23'19
U-56.35
T-56.35
C*
PUSPS PO 337275 04/23 PURCHASE RIVERSIDE NJ DEBIT CARD *0528
LOffice
^
D4/24'19
U-27.41
T-27.41
C*
PWawa
LAuto & Transportation:Fuel & Gas
^
D4/24'19
U-178.60
T-178.60
C*
PAuxiliary Service & Hardware
LConstruction Supplies
^
D4/24'19
U-16.70
T-16.70
C*
PWawa
LAlexandro Dasilva
^
D4/25'19
U-26.63
T-26.63
C*
PWawa
LAuto & Transportation:Fuel & Gas
^
D4/25'19
U-59.76
T-59.76
C*
PWawa
LAuto & Transportation:Fuel & Gas
^
D4/25'19
U-52.05
T-52.05
C*
PWawa
LAuto & Transportation:Fuel & Gas
^
D4/25'19
U-720.79
T-720.79
C*
PAuxiliary Service & Hardware
LConstruction Supplies
^
D4/25'19
U-804.00
T-804.00
C*
N1144
PState Workers Insurance Fund
LInsurance
^
D4/26'19
U-16.30
T-16.30
C*
PWawa
LAlexandro Dasilva
^
D4/26'19
U-15.61
T-15.61
C*
PWawa
LAlexandro Dasilva
^
D4/29'19
U10,000.00
T10,000.00
C*
PDEPOSIT
^
D4/29'19
U-2,030.00
T-2,030.00
C*
N1149
PAlexandro c Da Silva
L[Checking 4926]
^
D4/29'19
U-2,030.00
T-2,030.00
C*
N1148
PAlexandro c Da Silva
LAlexandro Dasilva
^
D4/30'19
U-70.42
T-70.42
C*
PAuxiliary Service & Hardware
LConstruction Supplies
^
D4/30'19
U-16.75
T-16.75
C*
PWawa
LAlexandro Dasilva
^
D4/30'19
U-10,205.00
T-10,205.00
C*
N1147
PAlliance Contractors Corp
LSubcontractors
^
D5/ 1'19
U-23.02
T-23.02
C*
PWawa
LAuto & Transportation:Fuel & Gas
^
D5/ 1'19
U-12.38
T-12.38
C*
PWawa
LAlexandro Dasilva
^
D5/ 1'19
U-2,000.00
T-2,000.00
C*
N1146
PNew Jersey Dvision Of Taxation
LTax
^
D5/ 2'19
U-29.03
T-29.03
C*
PWawa
LAuto & Transportation:Fuel & Gas
^
D5/ 2'19
U-47.25
T-47.25
C*
PWawa
LAuto & Transportation:Fuel & Gas
^
D5/ 2'19
U-18.30
T-18.30
C*
PHome Depot
LConstruction Supplies
^
D5/ 2'19
U-158.13
T-158.13
C*
PHome Depot
LConstruction Supplies
^
D5/ 3'19
U12,500.00
T12,500.00
C*
PDEPOSIT
^
D5/ 3'19
U5,000.00
T5,000.00
C*
PDEPOSIT
^
D5/ 3'19
U485.97
T485.97
C*
PDEPOSIT
^
D5/ 3'19
U-197.44
T-197.44
C*
PAuxiliary Service & Hardware
LConstruction Supplies
^
D5/ 3'19
U-30.00
T-30.00
C*
PWawa
LAuto & Transportation:Fuel & Gas
^
D5/ 3'19
U-18.63
T-18.63
C*
PGas
LAuto & Transportation:Fuel & Gas
^
D5/ 6'19
U-26.57
T-26.57
C*
PWawa
LAuto & Transportation:Fuel & Gas
^
D5/ 6'19
U-50.00
T-50.00
C*
PGas
LAuto & Transportation:Fuel & Gas
^
D5/ 6'19
U-26.00
T-26.00
C*
PWawa
LAuto & Transportation:Fuel & Gas
^
D5/ 6'19
U-24.00
T-24.00
C*
PWawa
LAuto & Transportation:Fuel & Gas
^
D5/ 6'19
U-13.12
T-13.12
C*
PWawa
LAlexandro Dasilva
^
D5/ 6'19
U-15.00
T-15.00
C*
PWawa
LAlexandro Dasilva
^
D5/ 7'19
U-18,365.00
T-18,365.00
C*
N1150
PAlliance Contractors Corp
LSubcontractors
^
D5/ 8'19
U-406.00
T-406.00
C*
PCarvant Financial Llc
LAuto & Transportation
^
D5/ 8'19
U-44.03
T-44.03
C*
PWawa
LAuto & Transportation:Fuel & Gas
^
D5/10'19
U-37.99
T-37.99
C*
PWawa
LAuto & Transportation:Fuel & Gas
^
D5/10'19
U-991.00
T-991.00
C*
N1145
PUs Department Of Labor Occupational Safety Heatlh Administratio
LOsha
^
D5/13'19
U3,000.00
T3,000.00
C*
PDEPOSIT
^
D5/13'19
U-97.70
T-97.70
C*
PHome Depot
LConstruction Supplies
^
D5/13'19
U-28.63
T-28.63
C*
PWawa
LAuto & Transportation:Fuel & Gas
^
D5/13'19
U-44.35
T-44.35
C*
PAuxiliary Service & Hardware
LConstruction Supplies
^
D5/13'19
U-465.72
T-465.72
C*
PFHF DES:FHF ID:000000000043402 INDN:ESDRON P BATISTA CO ID:1383
LInsurance
^
D5/15'19
U-33.88
T-33.88
C*
PWawa
LAuto & Transportation:Fuel & Gas
^
D5/16'19
U-32.02
T-32.02
C*
PWawa
LAuto & Transportation:Fuel & Gas
^
D5/17'19
U-27.00
T-27.00
C*
PWawa
LAuto & Transportation:Fuel & Gas
^
D5/17'19
U-63.63
T-63.63
C*
PHome Depot
LConstruction Supplies
^
D5/20'19
U33,000.00
T33,000.00
C*
PDEPOSIT
^
D5/20'19
U7,000.00
T7,000.00
C*
PDEPOSIT
^
D5/20'19
U-32.05
T-32.05
C*
PWawa
LAuto & Transportation:Fuel & Gas
^
D5/20'19
U-146.84
T-146.84
C*
PC R Building
LConstruction Supplies
^
D5/20'19
U-34.12
T-34.12
C*
PWawa
LAuto & Transportation:Fuel & Gas
^
D5/20'19
U-33.59
T-33.59
C*
PWawa
LAuto & Transportation:Fuel & Gas
^
D5/20'19
U-63.78
T-63.78
C*
PWal-Mart Store 05/19 PURCHASE CINNAMINSON NJ DEBIT CARD *0528
LAlexandro Dasilva
^
D5/20'19
U-5,250.00
T-5,250.00
C*
N1152
PAlliance Contractors Corp
LSubcontractors
^
D5/21'19
U-15.44
T-15.44
C*
PWawa
LAlexandro Dasilva
^
D5/21'19
U-1,071.35
T-1,071.35
C*
PAuxiliary Service & Hardware
LConstruction Supplies
^
D5/22'19
U-23.44
T-23.44
C*
PWawa
LAuto & Transportation:Fuel & Gas
^
D5/22'19
U-103.42
T-103.42
C*
PC R Building
LConstruction Supplies
^
D5/22'19
U-33,674.00
T-33,674.00
C*
N1151
PAlliance Contractors Corp
LSubcontractors
^
D5/23'19
U-70.46
T-70.46
C*
PC R Building
LConstruction Supplies
^
D5/23'19
U-50.17
T-50.17
C*
PCHECK ORDER00494 DES:FEE ID:1JYZ5932 INDN:AE CARPENTERS INC CO
LBank Charge
^
D5/24'19
U-53.01
T-53.01
C*
PWawa
LAuto & Transportation:Fuel & Gas
^
D5/28'19
U22,010.00
T22,010.00
C*
PDEPOSIT
^
D5/28'19
U-16.52
T-16.52
C*
PWawa
LAlexandro Dasilva
^
D5/28'19
U-686.44
T-686.44
C*
PC R Building
LConstruction Supplies
^
D5/28'19
U-105.00
T-105.00
C*
PNJMVC MOUNT HOLLY 05/25 PURCHASE DELANCO NJ DEBIT CARD *0528
LAuto & Transportation:Registration (Non-Tax deductible)
^
D5/29'19
U-19.40
T-19.40
C*
PWawa
LAlexandro Dasilva
^
D5/31'19
U-32.19
T-32.19
C*
PWawa
LAuto & Transportation:Fuel & Gas
^
D6/ 3'19
U12,000.00
T12,000.00
C*
PDEPOSIT
^
D6/ 3'19
U-21.50
T-21.50
C*
PWawa
LAuto & Transportation:Fuel & Gas
^
D6/ 3'19
U-31.77
T-31.77
C*
PWawa
LAuto & Transportation:Fuel & Gas
^
D6/ 3'19
U-29.95
T-29.95
C*
PMonthly Fee for Business Advantage
LBank Charge
^
D6/ 4'19
U-12.73
T-12.73
C*
PWawa
LAlexandro Dasilva
^
D6/ 4'19
U-13,531.00
T-13,531.00
C*
N1156
PFive Star Builders Inc
LSubcontractors
^
D6/ 4'19
U-18,400.00
T-18,400.00
C*
N1157
PFive Star Builders Inc
LSubcontractors
^
D6/ 5'19
U-29.25
T-29.25
C*
PWawa
LAuto & Transportation:Fuel & Gas
^
D6/ 5'19
U-21.70
T-21.70
C*
PWawa
LAuto & Transportation:Fuel & Gas
^
D6/ 6'19
U-27.65
T-27.65
C*
PWawa
LAuto & Transportation:Fuel & Gas
^
D6/ 7'19
U32,900.00
T32,900.00
C*
PDEPOSIT
^
D6/ 7'19
U-804.00
T-804.00
C*
N1158
PState Workers Insurance Fund
LInsurance
^
D6/10'19
U-42.00
T-42.00
C*
PWawa
LAuto & Transportation:Fuel & Gas
^
D6/10'19
U-10.81
T-10.81
C*
PWawa
LAlexandro Dasilva
^
D6/10'19
U-35.00
T-35.00
C*
PWawa
LAuto & Transportation:Fuel & Gas
^
D6/10'19
U-27.05
T-27.05
C*
PWawa
LAuto & Transportation:Fuel & Gas
^
D6/10'19
U-366.00
T-366.00
C*
PCarvant Financial Llc
LAuto & Transportation
^
D6/10'19
U-10,000.00
T-10,000.00
C*
N1159
PFive Star Builders Inc
LSubcontractors
^
D6/10'19
U-4,470.00
T-4,470.00
C*
N1160
PFive Star Builders Inc
LSubcontractors
^
D6/10'19
U-6,933.00
T-6,933.00
C*
N1161
PFive Star Builders Inc
LSubcontractors
^
D6/10'19
U-10,500.00
T-10,500.00
C*
N1163
PAlexandro c Da Silva
LAlexandro Dasilva
^
D6/11'19
U-20.00
T-20.00
C*
PWawa
LAuto & Transportation:Fuel & Gas
^
D6/11'19
U-465.72
T-465.72
C*
PFHF DES:FHF ID:000000000043402 INDN:ESDRON P BATISTA CO ID:1383
LInsurance
^
D6/12'19
U-798.09
T-798.09
C*
PAuxiliary Service & Hardware
LConstruction Supplies
^
D6/12'19
U-36.50
T-36.50
C*
PWawa
LAuto & Transportation:Fuel & Gas
^
D6/12'19
U-54.07
T-54.07
C*
PHome Depot
LConstruction Supplies
^
D6/12'19
U-1,982.00
T-1,982.00
C*
N1155
PUs Department Of Labor Occupational Safety Heatlh Administratio
LOsha
^
D6/13'19
U-27.45
T-27.45
C*
PWawa
LAuto & Transportation:Fuel & Gas
^
D6/13'19
U-7.90
T-7.90
C*
PHome Depot
LConstruction Supplies
^
D6/14'19
U13,500.00
T13,500.00
C*
PDEPOSIT
^
D6/14'19
U-17.01
T-17.01
C*
PWawa
LAlexandro Dasilva
^
D6/17'19
U-198.43
T-198.43
C*
PAuxiliary Service & Hardware
LConstruction Supplies
^
D6/17'19
U-12.00
T-12.00
C*
PGas
LAuto & Transportation:Fuel & Gas
^
D6/17'19
U-24.73
T-24.73
C*
PWawa
LAuto & Transportation:Fuel & Gas
^
D6/17'19
U-27.86
T-27.86
C*
PHome Depot
LConstruction Supplies
^
D6/17'19
U-168.17
T-168.17
C*
PHarbor Freight
LConstruction Supplies
^
D6/17'19
U-20.00
T-20.00
C*
PWawa
LAuto & Transportation:Fuel & Gas
^
D6/17'19
U-7,500.00
T-7,500.00
C*
N1164
PFive Star Builders Inc
LSubcontractors
^
D6/17'19
U-7,500.00
T-7,500.00
C*
N1165
PFive Star Builders Inc
LSubcontractors
^
D6/18'19
U-106.62
T-106.62
C*
PHome Depot
LConstruction Supplies
^
D6/19'19
U-37.40
T-37.40
C*
PBp
LAuto & Transportation:Fuel & Gas
^
D6/19'19
U-38.45
T-38.45
C*
PWawa
LAuto & Transportation:Fuel & Gas
^
D6/20'19
U-18.88
T-18.88
C*
PWOLFSONS INC 06/18 PURCHASE PHILADELPHIA PA DEBIT CARD *0585
LAuto & Transportation
^
D6/20'19
U-18.00
T-18.00
C*
PWawa
LAlexandro Dasilva
^
D6/20'19
U-26.30
T-26.30
C*
PBp
LAuto & Transportation:Fuel & Gas
^
D6/21'19
U-14.00
T-14.00
C*
PGIRARD GAS 06/21 PURCHASE PHILADELPHIA PA DEBIT CARD *0528
LAlexandro Dasilva
^
D6/24'19
U-18.91
T-18.91
C*
PWawa
LAlexandro Dasilva
^
D6/24'19
U-31.01
T-31.01
C*
PWawa
LAuto & Transportation:Fuel & Gas
^
D6/25'19
U-12.01
T-12.01
C*
PWawa
LAlexandro Dasilva
^
D6/26'19
U-16.00
T-16.00
C*
PGas
LAuto & Transportation:Fuel & Gas
^
D6/27'19
U-42.49
T-42.49
C*
PWawa
LAuto & Transportation:Fuel & Gas
^
D6/27'19
U-139.04
T-139.04
C*
PHome Depot
LConstruction Supplies
^
D6/27'19
U-124.68
T-124.68
C*
PHome Depot
LConstruction Supplies
^
D6/28'19
U7,596.00
T7,596.00
C*
PDEPOSIT
^
D6/28'19
U7,000.00
T7,000.00
C*
PDEPOSIT
^
D6/28'19
U5,000.00
T5,000.00
C*
PDEPOSIT
^
D6/28'19
U4,000.00
T4,000.00
C*
PDEPOSIT
^
D6/28'19
U3,000.00
T3,000.00
C*
PDEPOSIT
^
D6/28'19
U2,991.00
T2,991.00
C*
PDEPOSIT
^
D6/28'19
U1,500.00
T1,500.00
C*
PDEPOSIT
^
D6/28'19
U969.00
T969.00
C*
PDEPOSIT
^
D6/28'19
U217.09
T217.09
C*
PDEPOSIT
^
D6/28'19
U-17.75
T-17.75
C*
PWawa
LAlexandro Dasilva
^
D6/28'19
U-1,193.00
T-1,193.00
C*
N1166
PAlexandro c Da Silva
LAlexandro Dasilva
^
D7/ 1'19
U-100.00
T-100.00
C*
PHome Depot
LConstruction Supplies
^
D7/ 1'19
U-29.95
T-29.95
C*
PMonthly Fee for Business Advantage
LBank Charge
^
D7/ 1'19
U-28,265.00
T-28,265.00
C*
N1167
PFive Star Builders Inc
LSubcontractors
^
D7/ 1'19
U-1,500.00
T-1,500.00
C*
N1168
PEsdron Batista
LCasual Labor
^
D7/ 2'19
U-51.75
T-51.75
C*
PWawa
LAuto & Transportation:Fuel & Gas
^
D7/ 2'19
U-14.90
T-14.90
C*
P7elevem
LAlexandro Dasilva
^
D7/ 2'19
U-35.60
T-35.60
C*
PLowes
LConstruction Supplies
^
D7/ 2'19
U-105.56
T-105.56
C*
PLowes
LConstruction Supplies
^
D7/ 3'19
U-27.00
T-27.00
C*
PWawa
LAuto & Transportation:Fuel & Gas
^
D7/ 5'19
U-32.02
T-32.02
C*
PWawa
LAuto & Transportation:Fuel & Gas
^
D7/ 5'19
U-54.74
T-54.74
C*
PAuxiliary Service & Hardware
LConstruction Supplies
^
D7/ 8'19
U-26.90
T-26.90
C*
PWawa
LAuto & Transportation:Fuel & Gas
^
D7/ 8'19
U-386.00
T-386.00
C*
PCarvant Financial Llc
LAuto & Transportation
^
D7/ 8'19
U-53.42
T-53.42
C*
PHome Depot
LConstruction Supplies
^
D7/ 8'19
U-46.14
T-46.14
C*
PHome Depot
LConstruction Supplies
^
D7/ 9'19
U-37.99
T-37.99
C*
PWawa
LAuto & Transportation:Fuel & Gas
^
D7/10'19
U-30.04
T-30.04
C*
PWawa
LAuto & Transportation:Fuel & Gas
^
D7/10'19
U-800.00
T-800.00
C*
N1169
PState Workers Insurance Fund
LInsurance
^
D7/11'19
U-27.70
T-27.70
C*
PWawa
LAuto & Transportation:Fuel & Gas
^
D7/11'19
U-465.72
T-465.72
C*
PFHF DES:FHF ID:000000000043402 INDN:ESDRON P BATISTA CO ID:1383
LInsurance
^
D7/12'19
U-21.88
T-21.88
C*
PWawa
LAuto & Transportation:Fuel & Gas
^
D7/15'19
U30,000.00
T30,000.00
C*
PDEPOSIT
^
D7/15'19
U9,600.00
T9,600.00
C*
PDEPOSIT
^
D7/15'19
U-26.50
T-26.50
C*
PWawa
LAuto & Transportation:Fuel & Gas
^
D7/15'19
U-28.01
T-28.01
C*
PWawa
LAuto & Transportation:Fuel & Gas
^
D7/15'19
U-295.31
T-295.31
C*
PGas
LAuto & Transportation:Fuel & Gas
^
D7/15'19
U-20.44
T-20.44
C*
PWawa
LAuto & Transportation:Fuel & Gas
^
D7/15'19
U-86.89
T-86.89
C*
PHome Depot
LConstruction Supplies
^
D7/16'19
U-37,755.00
T-37,755.00
C*
N1171
PFive Star Builders Inc
LSubcontractors
^
D7/17'19
U-387.76
T-387.76
C*
PAuxiliary Service & Hardware
LConstruction Supplies
^
D7/18'19
U-37.55
T-37.55
C*
PWawa
LAuto & Transportation:Fuel & Gas
^
D7/19'19
U-18.25
T-18.25
C*
PWawa
LAlexandro Dasilva
^
D7/19'19
U-4.65
T-4.65
C*
PWawa
LAlexandro Dasilva
^
D7/22'19
U-33.27
T-33.27
C*
PWawa
LAuto & Transportation:Fuel & Gas
^
D7/22'19
U-23.00
T-23.00
C*
PEZ PARK 07/19 PURCHASE PHILADELPHIA PA DEBIT CARD *0528
LAuto & Transportation
^
D7/22'19
U-27.00
T-27.00
C*
PWawa
LAuto & Transportation:Fuel & Gas
^
D7/23'19
U-26.74
T-26.74
C*
PHome Depot
LConstruction Supplies
^
D7/24'19
U-51.31
T-51.31
C*
PWawa
LAuto & Transportation:Fuel & Gas
^
D7/24'19
U-55.02
T-55.02
C*
PHome Depot
LConstruction Supplies
^
D7/25'19
U-155.46
T-155.46
C*
PHome Depot
LConstruction Supplies
^
D7/26'19
U15,250.00
T15,250.00
C*
PDEPOSIT
^
D7/26'19
U11,800.00
T11,800.00
C*
PDEPOSIT
^
D7/26'19
U4,000.00
T4,000.00
C*
PDEPOSIT
^
D7/26'19
U-50.03
T-50.03
C*
PWawa
LAuto & Transportation:Fuel & Gas
^
D7/26'19
U-11.00
T-11.00
C*
PEZ PARK 07/25 PURCHASE PHILADELPHIA PA DEBIT CARD *0528
LInsurance
^
D7/26'19
U-13.66
T-13.66
C*
PHome Depot
LConstruction Supplies
^
D7/29'19
U9,000.00
T9,000.00
C*
PDEPOSIT
^
D7/29'19
U3,200.00
T3,200.00
C*
PDEPOSIT
^
D7/29'19
U700.00
T700.00
C*
PDEPOSIT
^
D7/29'19
U-34.79
T-34.79
C*
PWawa
LAuto & Transportation:Fuel & Gas
^
D7/29'19
U-100.00
T-100.00
C*
PHome Depot
LConstruction Supplies
^
D7/29'19
U-85.25
T-85.25
C*
PBURLINGTON SOLID WASTE 07/27 PURCHASE 609-2655000 NJ DEBIT CARD
LOffice
^
D7/29'19
U-17.44
T-17.44
C*
PWAL-MART Wal- 07/28 PURCHASE BURLINGTON NJ DEBIT CARD *0528
LAlexandro Dasilva
^
D7/29'19
U-139.32
T-139.32
C*
PLowes
LConstruction Supplies
^
D7/29'19
U-28,572.00
T-28,572.00
C*
N1173
PFive Star Builders Inc
LSubcontractors
^
D7/29'19
U-10,863.00
T-10,863.00
C*
N1174
PFive Star Builders Inc
LSubcontractors
^
D7/30'19
U2,000.00
T2,000.00
C*
PDEPOSIT
^
D7/30'19
U-33.00
T-33.00
C*
PWawa
LAuto & Transportation:Fuel & Gas
^
D7/30'19
U-778.26
T-778.26
C*
PAuxiliary Service & Hardware
LConstruction Supplies
^
D7/30'19
U-37.41
T-37.41
C*
PWawa
LAuto & Transportation:Fuel & Gas
^
D7/31'19
U-20.76
T-20.76
C*
PPEPBOYS STORE 07/31 PURCHASE CINNAMINSON NJ DEBIT CARD *0528
LAuto & Transportation:Parts & Service
^
D8/ 1'19
U-30.00
T-30.00
C*
PWawa
LAuto & Transportation:Fuel & Gas
^
D8/ 1'19
U-29.95
T-29.95
C*
PMonthly Fee for Business Advantage
LBank Charge
^
D8/ 2'19
U-27.00
T-27.00
C*
PWawa
LAuto & Transportation:Fuel & Gas
^
D8/ 2'19
U-2,453.00
T-2,453.00
C*
PGB COLLECTS, LLC 08/01 PURCHASE 856-7689995 NJ DEBIT CARD *0528
LDebt Collection
^
D8/ 2'19
U-85.86
T-85.86
C*
PLUCENTPAY 08/01 PURCHASE 888-2124765 AZ DEBIT CARD *0528
LDebt Collection
^
D8/ 2'19
U-1,000.00
T-1,000.00
C*
N1175
PEvandro Dasilva Duarte
LCasual Labor
^
D8/ 5'19
U-32.23
T-32.23
C*
PWawa
LAuto & Transportation:Fuel & Gas
^
D8/ 5'19
U-70.40
T-70.40
C*
PAuxiliary Service & Hardware
LConstruction Supplies
^
D8/ 5'19
U-12.88
T-12.88
C*
PWawa
LAlexandro Dasilva
^
D8/ 7'19
U-48.95
T-48.95
C*
PWawa
LAuto & Transportation:Fuel & Gas
^
D8/ 7'19
U-35.32
T-35.32
C*
PWawa
LAuto & Transportation:Fuel & Gas
^
D8/ 7'19
U-13.89
T-13.89
C*
PWawa
LAlexandro Dasilva
^
D8/ 9'19
U3,199.00
T3,199.00
C*
PDEPOSIT
^
D8/ 9'19
U-31.70
T-31.70
C*
PWawa
LAuto & Transportation:Fuel & Gas
^
D8/12'19
U23,000.00
T23,000.00
C*
PDEPOSIT
^
D8/12'19
U-506.00
T-506.00
C*
PCarvant Financial Llc
LAuto & Transportation
^
D8/12'19
U-23.30
T-23.30
C*
PWawa
LAuto & Transportation:Fuel & Gas
^
D8/12'19
U-27.00
T-27.00
C*
PWawa
LAuto & Transportation:Fuel & Gas
^
D8/12'19
U-12.26
T-12.26
C*
PWawa
LAlexandro Dasilva
^
D8/12'19
U-465.72
T-465.72
C*
PFHF DES:FHF ID:000000000043402 INDN:ESDRON P BATISTA CO ID:1383
LInsurance
^
D8/13'19
U-18.06
T-18.06
C*
PWawa
LAlexandro Dasilva
^
D8/14'19
U-21,425.00
T-21,425.00
C*
N1177
PFive Star Builders Inc
LSubcontractors
^
D8/15'19
U-15.04
T-15.04
C*
PWawa
LAlexandro Dasilva
^
D8/16'19
U-30.50
T-30.50
C*
PWawa
LAuto & Transportation:Fuel & Gas
^
D8/16'19
U-40.00
T-40.00
C*
PWawa
LAuto & Transportation:Fuel & Gas
^
D8/19'19
U-20.00
T-20.00
C*
PWawa
LAuto & Transportation:Fuel & Gas
^
D8/19'19
U-413.04
T-413.04
C*
PAuxiliary Service & Hardware
LConstruction Supplies
^
D8/19'19
U-7.74
T-7.74
C*
PAuxiliary Service & Hardware
LConstruction Supplies
^
D8/19'19
U-36.15
T-36.15
C*
PWawa
LAuto & Transportation:Fuel & Gas
^
D8/19'19
U-115.85
T-115.85
C*
PCERTIFIT AUTO 08/19 PURCHASE PENNSAUKEN NJ DEBIT CARD *3200
LAuto & Transportation
^
D8/21'19
U15,000.00
T15,000.00
C*
PDEPOSIT
^
D8/21'19
U-20.41
T-20.41
C*
PWawa
LAuto & Transportation:Fuel & Gas
^
D8/21'19
U-6.48
T-6.48
C*
PCBS SUPPLY LLC 08/20 PURCHASE PHILADELPHIA PA DEBIT CARD *3200
LAlexandro Dasilva
^
D8/22'19
U-33.76
T-33.76
C*
PWawa
LAuto & Transportation:Fuel & Gas
^
D8/22'19
U-157.83
T-157.83
C*
PHome Depot
LConstruction Supplies
^
D8/23'19
U-18.50
T-18.50
C*
PWawa
LAlexandro Dasilva
^
D8/27'19
U-30.62
T-30.62
C*
PWawa
LAuto & Transportation:Fuel & Gas
^
D8/27'19
U-45.74
T-45.74
C*
PHome Depot
LConstruction Supplies
^
D8/27'19
U-1,982.00
T-1,982.00
C*
N1176
PUs Department Of Labor Occupational Safety Heatlh Administratio
LOsha
^
D8/28'19
U-26.51
T-26.51
C*
PWawa
LAuto & Transportation:Fuel & Gas
^
D8/28'19
U-884.68
T-884.68
C*
PAuxiliary Service & Hardware
LConstruction Supplies
^
D8/28'19
U-677.62
T-677.62
C*
PAuxiliary Service & Hardware
LConstruction Supplies
^
D8/28'19
U-31.00
T-31.00
C*
PWawa
LAuto & Transportation:Fuel & Gas
^
D8/28'19
U-35.05
T-35.05
C*
PGas
LAuto & Transportation:Fuel & Gas
^
D8/28'19
U-14.02
T-14.02
C*
PGas
LAuto & Transportation:Fuel & Gas
^
D8/29'19
U-24.43
T-24.43
C*
PWawa
LAuto & Transportation:Fuel & Gas
^
D8/29'19
U-0.07
T-0.07
C*
PWawa
LAlexandro Dasilva
^
D8/29'19
U-20.59
T-20.59
C*
PWawa
LAuto & Transportation:Fuel & Gas
^
D8/30'19
U24,700.00
T24,700.00
C*
PDEPOSIT
^
D8/30'19
U-30.00
T-30.00
C*
PWawa
LAuto & Transportation:Fuel & Gas
^
D9/ 3'19
U20,000.00
T20,000.00
C*
NATM
PBkofamerica ATM
^
D9/ 3'19
U-29.95
T-29.95
C*
PAccount Maintenance Fee
LBank Charge
^
D9/ 3'19
U-122.30
T-122.30
C*
PHome Depot
LConstruction Supplies
^
D9/ 3'19
U-23.00
T-23.00
C*
PWawa
MPURCHASE 08/29 CINNAMINSON NJ CARD 1294
LAuto & Transportation:Fuel & Gas
^
D9/ 3'19
U-15.00
T-15.00
C*
PWawa
MPURCHASE 08/29 CINNAMINSON NJ CARD 1294
LAlexandro Dasilva
^
D9/ 3'19
U-15,000.00
T-15,000.00
C*
N1178
PWebb Contractor Corps
LSubcontractors
^
D9/ 4'19
U-205.17
T-205.17
C*
PAutozone
LAuto & Transportation:Parts & Service
^
D9/ 4'19
U-240.00
T-240.00
C*
PPatient First
LAlexandro Dasilva
^
D9/ 4'19
U-11.24
T-11.24
C*
PWawa
MPURCHASE 08/29 CINNAMINSON NJ CARD 1294
LAlexandro Dasilva
^
D9/ 4'19
U-24.80
T-24.80
C*
PWawa
MPURCHASE 08/29 CINNAMINSON NJ CARD 1294
LAuto & Transportation:Fuel & Gas
^
D9/ 5'19
U-28.01
T-28.01
C*
PWawa
MPURCHASE 08/29 CINNAMINSON NJ CARD 1294
LAuto & Transportation:Fuel & Gas
^
D9/ 5'19
U-10.00
T-10.00
C*
PPark America
LAuto & Transportation
^
D9/ 5'19
U-28.73
T-28.73
C*
PWawa
MPURCHASE 08/29 CINNAMINSON NJ CARD 1294
LAuto & Transportation:Fuel & Gas
^
D9/ 5'19
U-10.00
T-10.00
C*
PPark America
LAuto & Transportation
^
D9/ 5'19
U-22,000.00
T-22,000.00
C*
N1179
PFive Star Builders Inc
LSubcontractors
^
D9/ 5'19
U-20,000.00
T-20,000.00
C*
N1181
PWebb Contractor Corps
LSubcontractors
^
D9/ 6'19
U-22.00
T-22.00
C*
PWawa
MPURCHASE 08/29 CINNAMINSON NJ CARD 1294
LAuto & Transportation:Fuel & Gas
^
D9/ 6'19
U-25.00
T-25.00
C*
PWawa
MPURCHASE 08/29 CINNAMINSON NJ CARD 1294
LAuto & Transportation:Fuel & Gas
^
D9/ 9'19
U-22.00
T-22.00
C*
PWawa
MPURCHASE 08/29 CINNAMINSON NJ CARD 1294
LAuto & Transportation:Fuel & Gas
^
D9/ 9'19
U-43.62
T-43.62
C*
PHome Depot
LConstruction Supplies
^
D9/ 9'19
U-22.25
T-22.25
C*
PWawa
MPURCHASE 08/29 CINNAMINSON NJ CARD 1294
LAuto & Transportation:Fuel & Gas
^
D9/10'19
U11,000.00
T11,000.00
C*
NATM
PBkofamerica Mobile
^
D9/10'19
U-271.62
T-271.62
C*
PSteven Kempf Building
LConstruction Supplies
^
D9/10'19
U-21.04
T-21.04
C*
PWawa
MPURCHASE 08/29 CINNAMINSON NJ CARD 1294
LAuto & Transportation:Fuel & Gas
^
D9/11'19
U-41.59
T-41.59
C*
PAuxiliary Service
LConstruction Supplies
^
D9/11'19
U-23.16
T-23.16
C*
PWawa
MPURCHASE 08/29 CINNAMINSON NJ CARD 1294
LAuto & Transportation:Fuel & Gas
^
D9/11'19
U-12.12
T-12.12
C*
PWawa
MPURCHASE 08/29 CINNAMINSON NJ CARD 1294
LAlexandro Dasilva
^
D9/12'19
U-24.01
T-24.01
C*
PWawa
MPURCHASE 08/29 CINNAMINSON NJ CARD 1294
LAuto & Transportation:Fuel & Gas
^
D9/12'19
U-1,149.42
T-1,149.42
C*
PAuxiliary Service
LConstruction Supplies
^
D9/12'19
U-18.00
T-18.00
C*
PWawa
MPURCHASE 08/29 CINNAMINSON NJ CARD 1294
LAlexandro Dasilva
^
D9/12'19
U-163.14
T-163.14
C*
PStaples
LOffice
^
D9/13'19
U8,000.00
T8,000.00
C*
NATM
PBkofamerica Mobile
^
D9/13'19
U8,000.00
T8,000.00
C*
NATM
PBkofamerica Mobile
^
D9/13'19
U20,000.00
T20,000.00
C*
NATM
PBkofamerica Mobile
^
D9/13'19
U-30.25
T-30.25
C*
PWawa
MPURCHASE 08/29 CINNAMINSON NJ CARD 1294
LAuto & Transportation:Fuel & Gas
^
D9/13'19
U-500.00
T-500.00
C*
POptimum Outcomes
LDebt Collection
^
D9/13'19
U-5.00
T-5.00
C*
PPark America
LAuto & Transportation
^
D9/16'19
U-13.09
T-13.09
C*
PWawa
MPURCHASE 08/29 CINNAMINSON NJ CARD 1294
LAlexandro Dasilva
^
D9/16'19
U-21.50
T-21.50
C*
PUni Grocery Se
LAlexandro Dasilva
^
D9/16'19
U-12.44
T-12.44
C*
PWawa
MPURCHASE 08/29 CINNAMINSON NJ CARD 1294
LAlexandro Dasilva
^
D9/16'19
U-24.50
T-24.50
C*
PWawa
MPURCHASE 08/29 CINNAMINSON NJ CARD 1294
LAuto & Transportation:Fuel & Gas
^
D9/16'19
U-31.62
T-31.62
C*
PWawa
MPURCHASE 08/29 CINNAMINSON NJ CARD 1294
LAuto & Transportation:Fuel & Gas
^
D9/16'19
U-18,000.00
T-18,000.00
C*
N1182
PFive Star Builders Inc
LSubcontractors
^
D9/17'19
U-37.91
T-37.91
C*
PHome Depot
LConstruction Supplies
^
D9/17'19
U-182.31
T-182.31
C*
PCbs Supply Llc
LAlexandro Dasilva
^
D9/17'19
U-13.27
T-13.27
C*
PWawa
MPURCHASE 08/29 CINNAMINSON NJ CARD 1294
LAlexandro Dasilva
^
D9/17'19
U-21.28
T-21.28
C*
PWawa
MPURCHASE 08/29 CINNAMINSON NJ CARD 1294
LAuto & Transportation:Fuel & Gas
^
D9/17'19
U-21.01
T-21.01
C*
PWawa
MPURCHASE 08/29 CINNAMINSON NJ CARD 1294
LAuto & Transportation:Fuel & Gas
^
D9/18'19
U-327.21
T-327.21
C*
PAuxiliary Service
LConstruction Supplies
^
D9/18'19
U-24.79
T-24.79
C*
PWawa
MPURCHASE 08/29 CINNAMINSON NJ CARD 1294
LAuto & Transportation:Fuel & Gas
^
D9/18'19
U-27,000.00
T-27,000.00
C*
N1183
PFive Star Builders Inc
LSubcontractors
^
D9/19'19
U-24.00
T-24.00
C*
PWawa
MPURCHASE 08/29 CINNAMINSON NJ CARD 1294
LAuto & Transportation:Fuel & Gas
^
D9/19'19
U-20.20
T-20.20
C*
PWawa
MPURCHASE 08/29 CINNAMINSON NJ CARD 1294
LAuto & Transportation:Fuel & Gas
^
D9/20'19
U-71.24
T-71.24
C*
PHome Depot
LConstruction Supplies
^
D9/20'19
U-24.17
T-24.17
C*
PWawa
MPURCHASE 08/29 CINNAMINSON NJ CARD 1294
LAuto & Transportation:Fuel & Gas
^
D9/20'19
U-21.32
T-21.32
C*
PWawa
MPURCHASE 08/29 CINNAMINSON NJ CARD 1294
LAuto & Transportation:Fuel & Gas
^
D9/23'19
U8,750.00
T8,750.00
C*
NATM
PBkofamerica ATM
^
D9/23'19
U-26.00
T-26.00
C*
PWawa
MPURCHASE 08/29 CINNAMINSON NJ CARD 1294
LAuto & Transportation:Fuel & Gas
^
D9/23'19
U-29.66
T-29.66
C*
PWawa
MPURCHASE 08/29 CINNAMINSON NJ CARD 1294
LAuto & Transportation:Fuel & Gas
^
D9/23'19
U-16.75
T-16.75
C*
PWawa
MPURCHASE 08/29 CINNAMINSON NJ CARD 1294
LAlexandro Dasilva
^
D9/23'19
U-26.00
T-26.00
C*
PWawa
MPURCHASE 08/29 CINNAMINSON NJ CARD 1294
LAuto & Transportation:Fuel & Gas
^
D9/24'19
U-9.51
T-9.51
C*
PHome Depot
LConstruction Supplies
^
D9/25'19
U-27.00
T-27.00
C*
PWawa
MPURCHASE 08/29 CINNAMINSON NJ CARD 1294
LAuto & Transportation:Fuel & Gas
^
D9/25'19
U-49.26
T-49.26
C*
PWawa
MPURCHASE 08/29 CINNAMINSON NJ CARD 1294
LAuto & Transportation:Fuel & Gas
^
D9/25'19
U-8,160.00
T-8,160.00
C*
N1184
PWebb Contractor Corps
LSubcontractors
^
D9/26'19
U-21.00
T-21.00
C*
PWawa
MPURCHASE 08/29 CINNAMINSON NJ CARD 1294
LAuto & Transportation:Fuel & Gas
^
D9/26'19
U-29.11
T-29.11
C*
PWawa
MPURCHASE 08/29 CINNAMINSON NJ CARD 1294
LAuto & Transportation:Fuel & Gas
^
D9/27'19
U-29.50
T-29.50
C*
PWawa
MPURCHASE 08/29 CINNAMINSON NJ CARD 1294
LAuto & Transportation:Fuel & Gas
^
D9/27'19
U-26.00
T-26.00
C*
PWawa
MPURCHASE 08/29 CINNAMINSON NJ CARD 1294
LAuto & Transportation:Fuel & Gas
^
D9/30'19
U3,000.00
T3,000.00
C*
NATM
PBkofamerica Mobile
^
D9/30'19
U27,060.00
T27,060.00
C*
NATM
PBkofamerica ATM
^
D9/30'19
U-40.89
T-40.89
C*
PD J Hardware
LConstruction Supplies
^
D9/30'19
U-21.00
T-21.00
C*
PWawa
MPURCHASE 08/29 CINNAMINSON NJ CARD 1294
LAuto & Transportation:Fuel & Gas
^
D9/30'19
U-19.00
T-19.00
C*
PEz Park
LInsurance
^
D9/30'19
U-25.00
T-25.00
C*
PParking 15th Ch
LAuto & Transportation
^
D9/30'19
U-22.52
T-22.52
C*
PWawa
MPURCHASE 08/29 CINNAMINSON NJ CARD 1294
LAuto & Transportation:Fuel & Gas
^
D10/ 1'19
U-100.00
T-100.00
C*
PCert
LAuto & Transportation
^
D10/ 1'19
U-5.58
T-5.58
C*
PWawa
MPURCHASE 08/29 CINNAMINSON NJ CARD 1294
LAlexandro Dasilva
^
D10/ 1'19
U-35.15
T-35.15
C*
PStaples
LOffice
^
D10/ 1'19
U-184.25
T-184.25
C*
PStaples
LOffice
^
D10/ 2'19
U-31.00
T-31.00
C*
PWawa
MPURCHASE 08/29 CINNAMINSON NJ CARD 1294
LAuto & Transportation:Fuel & Gas
^
D10/ 2'19
U-32.00
T-32.00
C*
PWawa
MPURCHASE 08/29 CINNAMINSON NJ CARD 1294
LAuto & Transportation:Fuel & Gas
^
D10/ 2'19
U-29,592.00
T-29,592.00
C*
N1187
PFive Star Builders Inc
LSubcontractors
^
D10/ 3'19
U-154.75
T-154.75
C*
PHome Depot
LConstruction Supplies
^
D10/ 3'19
U-130.06
T-130.06
C*
PHome Depot
LConstruction Supplies
^
D10/ 3'19
U-14.06
T-14.06
C*
PWawa
MPURCHASE 08/29 CINNAMINSON NJ CARD 1294
LAlexandro Dasilva
^
D10/ 3'19
U-25.38
T-25.38
C*
PWawa
MPURCHASE 08/29 CINNAMINSON NJ CARD 1294
LAuto & Transportation:Fuel & Gas
^
D10/ 3'19
U-15.35
T-15.35
C*
PWawa
MPURCHASE 08/29 CINNAMINSON NJ CARD 1294
LAlexandro Dasilva
^
D10/ 4'19
U5,000.00
T5,000.00
C*
NATM
PBkofamerica Mobile
^
D10/ 4'19
U-16.15
T-16.15
C*
PHome Depot
LConstruction Supplies
^
D10/ 4'19
U-20.68
T-20.68
C*
PWawa
MPURCHASE 08/29 CINNAMINSON NJ CARD 1294
LAuto & Transportation:Fuel & Gas
^
D10/ 7'19
U13,000.00
T13,000.00
C*
NATM
PBkofamerica ATM
^
D10/ 7'19
U-23.50
T-23.50
C*
PWawa
MPURCHASE 08/29 CINNAMINSON NJ CARD 1294
LAuto & Transportation:Fuel & Gas
^
D10/ 7'19
U-27.50
T-27.50
C*
PWawa
MPURCHASE 08/29 CINNAMINSON NJ CARD 1294
LAuto & Transportation:Fuel & Gas
^
D10/ 7'19
U-277.18
T-277.18
C*
PAuxiliary Service
LConstruction Supplies
^
D10/ 8'19
U-11.73
T-11.73
C*
PWawa
MPURCHASE 08/29 CINNAMINSON NJ CARD 1294
LAlexandro Dasilva
^
D10/ 9'19
U-24.50
T-24.50
C*
PWawa
MPURCHASE 08/29 CINNAMINSON NJ CARD 1294
LAuto & Transportation:Fuel & Gas
^
D10/ 9'19
U-42.50
T-42.50
C*
PWawa
MPURCHASE 08/29 CINNAMINSON NJ CARD 1294
LAuto & Transportation:Fuel & Gas
^
D10/ 9'19
U-13.67
T-13.67
C*
PSunoco
MPURCHASE 07/10 PHILADELPHIA PA CARD 5592
LAuto & Transportation:Fuel & Gas
^
D10/ 9'19
U-17,000.00
T-17,000.00
C*
N1188
PFive Star Builders Inc
LSubcontractors
^
D10/10'19
U-29.43
T-29.43
C*
PWal-mart
LAlexandro Dasilva
^
D10/10'19
U-23.69
T-23.69
C*
PAuxiliary Service
LConstruction Supplies
^
D10/10'19
U-35.51
T-35.51
C*
PWawa
MPURCHASE 08/29 CINNAMINSON NJ CARD 1294
LAuto & Transportation:Fuel & Gas
^
D10/11'19
U9,000.00
T9,000.00
C*
NATM
PBkofamerica ATM
^
D10/11'19
U-465.72
T-465.72
C*
PFhf
LInsurance
^
D10/11'19
U-21.25
T-21.25
C*
PWawa
MPURCHASE 08/29 CINNAMINSON NJ CARD 1294
LAuto & Transportation:Fuel & Gas
^
D10/11'19
U-506.00
T-506.00
C*
PCarvant Financial Llc
LAuto & Transportation
^
D10/15'19
U-25.06
T-25.06
C*
PAuxiliary Service
LConstruction Supplies
^
D10/15'19
U-920.32
T-920.32
C*
PAuxiliary Service
LConstruction Supplies
^
D10/15'19
U-75.13
T-75.13
C*
PAutozone
LAuto & Transportation:Parts & Service
^
D10/15'19
U-123.64
T-123.64
C*
PAdvance Auto Parts
LAuto & Transportation:Parts & Service
^
D10/15'19
U-29.00
T-29.00
C*
PWawa
MPURCHASE 08/29 CINNAMINSON NJ CARD 1294
LAuto & Transportation:Fuel & Gas
^
D10/15'19
U-30.68
T-30.68
C*
PWawa
MPURCHASE 08/29 CINNAMINSON NJ CARD 1294
LAuto & Transportation:Fuel & Gas
^
D10/15'19
U-32.00
T-32.00
C*
PWawa
MPURCHASE 08/29 CINNAMINSON NJ CARD 1294
LAuto & Transportation:Fuel & Gas
^
D10/15'19
U-5,280.00
T-5,280.00
C*
N1189
PFive Star Builders Inc
LSubcontractors
^
D10/16'19
U-27.50
T-27.50
C*
PWawa
MPURCHASE 08/29 CINNAMINSON NJ CARD 1294
LAuto & Transportation:Fuel & Gas
^
D10/16'19
U-51.25
T-51.25
C*
PWawa
MPURCHASE 08/29 CINNAMINSON NJ CARD 1294
LAuto & Transportation:Fuel & Gas
^
D10/17'19
U9,000.00
T9,000.00
C*
NATM
PBkofamerica Mobile
^
D10/17'19
U-212.49
T-212.49
C*
PAuxiliary Service
LConstruction Supplies
^
D10/17'19
U-26.09
T-26.09
C*
PWawa
MPURCHASE 08/29 CINNAMINSON NJ CARD 1294
LAuto & Transportation:Fuel & Gas
^
D10/17'19
U-24.00
T-24.00
C*
PWawa
MPURCHASE 08/29 CINNAMINSON NJ CARD 1294
LAuto & Transportation:Fuel & Gas
^
D10/18'19
U14,445.00
T14,445.00
C*
NATM
PBkofamerica Mobile
^
D10/18'19
U-115.44
T-115.44
C*
PHome Depot
LConstruction Supplies
^
D10/21'19
U-199.20
T-199.20
C*
PLowe's
MPURCHASE 05/30 PHILADELPHIA PA CARD 5592
LConstruction Supplies
^
D10/21'19
U-26.52
T-26.52
C*
PWawa
MPURCHASE 08/29 CINNAMINSON NJ CARD 1294
LAuto & Transportation:Fuel & Gas
^
D10/21'19
U-411.87
T-411.87
C*
PAuxiliary Service
LConstruction Supplies
^
D10/21'19
U-37.22
T-37.22
C*
PWawa
MPURCHASE 08/29 CINNAMINSON NJ CARD 1294
LAuto & Transportation:Fuel & Gas
^
D10/21'19
U-21,850.00
T-21,850.00
C*
N1190
PFive Star Builders Inc
LSubcontractors
^
D10/21'19
U-2,000.00
T-2,000.00
C*
N1191
PFive Star Builders Inc
LSubcontractors
^
D10/22'19
U-47.83
T-47.83
C*
PWawa
MPURCHASE 08/29 CINNAMINSON NJ CARD 1294
LAuto & Transportation:Fuel & Gas
^
D10/23'19
U-24.50
T-24.50
C*
PWawa
MPURCHASE 08/29 CINNAMINSON NJ CARD 1294
LAuto & Transportation:Fuel & Gas
^
D10/23'19
U-44.00
T-44.00
C*
PWawa
MPURCHASE 08/29 CINNAMINSON NJ CARD 1294
LAuto & Transportation:Fuel & Gas
^
D10/24'19
U-147.92
T-147.92
C*
PLowe's
MPURCHASE 05/30 PHILADELPHIA PA CARD 5592
LConstruction Supplies
^
D10/24'19
U-79.41
T-79.41
C*
PAuxiliary Service
LConstruction Supplies
^
D10/24'19
U-18.00
T-18.00
C*
PWawa
MPURCHASE 08/29 CINNAMINSON NJ CARD 1294
LAlexandro Dasilva
^
D10/24'19
U-19.00
T-19.00
C*
PWawa
MPURCHASE 08/29 CINNAMINSON NJ CARD 1294
LAlexandro Dasilva
^
D10/25'19
U-87.42
T-87.42
C*
PHome Depot
LConstruction Supplies
^
D10/25'19
U-326.49
T-326.49
C*
PAuxiliary Service
LConstruction Supplies
^
D10/25'19
U-25.19
T-25.19
C*
PWawa
MPURCHASE 08/29 CINNAMINSON NJ CARD 1294
LAuto & Transportation:Fuel & Gas
^
D10/25'19
U-24.00
T-24.00
C*
PWawa
MPURCHASE 08/29 CINNAMINSON NJ CARD 1294
LAuto & Transportation:Fuel & Gas
^
D10/28'19
U2,000.00
T2,000.00
C*
NATM
PBkofamerica Mobile
^
D10/28'19
U-37.04
T-37.04
C*
PHome Depot
LConstruction Supplies
^
D10/28'19
U-151.00
T-151.00
C*
PNjmvc
LAuto & Transportation:Registration (Non-Tax deductible)
^
D10/28'19
U-16.50
T-16.50
C*
PWawa
MPURCHASE 08/29 CINNAMINSON NJ CARD 1294
LAlexandro Dasilva
^
D10/29'19
U-39.19
T-39.19
C*
PWawa
MPURCHASE 08/29 CINNAMINSON NJ CARD 1294
LAuto & Transportation:Fuel & Gas
^
D10/29'19
U-48.88
T-48.88
C*
PWawa
MPURCHASE 08/29 CINNAMINSON NJ CARD 1294
LAuto & Transportation:Fuel & Gas
^
D10/30'19
U-37.65
T-37.65
C*
PHome Depot
LConstruction Supplies
^
D10/30'19
U-28.00
T-28.00
C*
PWawa
MPURCHASE 08/29 CINNAMINSON NJ CARD 1294
LAuto & Transportation:Fuel & Gas
^
D10/31'19
U-29.50
T-29.50
C*
PPhiladelphia Pk Auth
LAuto & Transportation:Parts & Service
^
D10/31'19
U-19.00
T-19.00
C*
PWawa
MPURCHASE 08/29 CINNAMINSON NJ CARD 1294
LAlexandro Dasilva
^
D10/31'19
U-38.70
T-38.70
C*
PWawa
MPURCHASE 08/29 CINNAMINSON NJ CARD 1294
LAuto & Transportation:Fuel & Gas
^
D11/ 1'19
U23,000.00
T23,000.00
C*
NATM
PBkofamerica Mobile
^
D11/ 1'19
U-29.95
T-29.95
C*
PAccount Maintenance Fee
LBank Charge
^
D11/ 1'19
U-150.00
T-150.00
C*
PHome Depot
LConstruction Supplies
^
D11/ 4'19
U48.15
T48.15
C*
NATM
PHome Depot Refun
^
D11/ 4'19
U6,000.00
T6,000.00
C*
NATM
PBkofamerica ATM
^
D11/ 4'19
U-29.83
T-29.83
C*
PHome Depot
LConstruction Supplies
^
D11/ 4'19
U-47.00
T-47.00
C*
PWawa
MPURCHASE 08/29 CINNAMINSON NJ CARD 1294
LAuto & Transportation:Fuel & Gas
^
D11/ 4'19
U-25.95
T-25.95
C*
PWawa
MPURCHASE 08/29 CINNAMINSON NJ CARD 1294
LAuto & Transportation:Fuel & Gas
^
D11/ 4'19
U-41.30
T-41.30
C*
PWawa
MPURCHASE 08/29 CINNAMINSON NJ CARD 1294
LAuto & Transportation:Fuel & Gas
^
D11/ 4'19
U-168.21
T-168.21
C*
PAuxiliary Service
LConstruction Supplies
^
D11/ 4'19
U-44.14
T-44.14
C*
PWawa
MPURCHASE 08/29 CINNAMINSON NJ CARD 1294
LAuto & Transportation:Fuel & Gas
^
D11/ 5'19
U-41.50
T-41.50
C*
PHome Depot
LConstruction Supplies
^
D11/ 5'19
U-23.61
T-23.61
C*
PWawa
MPURCHASE 08/29 CINNAMINSON NJ CARD 1294
LAuto & Transportation:Fuel & Gas
^
D11/ 5'19
U-28,572.00
T-28,572.00
C*
N1192
PFive Star Builders Inc
LSubcontractors
^
D11/ 6'19
U-822.00
T-822.00
C*
N1194
PState Workers Insurance Fund
LInsurance
^
D11/ 7'19
U-34.50
T-34.50
C*
PWawa
MPURCHASE 08/29 CINNAMINSON NJ CARD 1294
LAuto & Transportation:Fuel & Gas
^
D11/ 8'19
U-85.77
T-85.77
C*
PHome Depot
LConstruction Supplies
^
D11/12'19
U6,000.00
T6,000.00
C*
NATM
PBkofamerica ATM
^
D11/12'19
U-465.72
T-465.72
C*
PFhf
LInsurance
^
D11/12'19
U-17.75
T-17.75
C*
PWawa
MPURCHASE 08/29 CINNAMINSON NJ CARD 1294
LAlexandro Dasilva
^
D11/12'19
U-17.48
T-17.48
C*
PWawa
MPURCHASE 08/29 CINNAMINSON NJ CARD 1294
LAlexandro Dasilva
^
D11/12'19
U-37.01
T-37.01
C*
PWawa
MPURCHASE 08/29 CINNAMINSON NJ CARD 1294
LAuto & Transportation:Fuel & Gas
^
D11/13'19
U-3,607.94
T-3,607.94
C*
PG M Auto
LAuto & Transportation
^
D11/13'19
U-506.00
T-506.00
C*
PCarvant Financial Llc
LAuto & Transportation
^
D11/14'19
U-142.27
T-142.27
C*
PHome Depot
LConstruction Supplies
^
D11/14'19
U-26.50
T-26.50
C*
PWawa
MPURCHASE 08/29 CINNAMINSON NJ CARD 1294
LAuto & Transportation:Fuel & Gas
^
D11/15'19
U1,500.00
T1,500.00
C*
NATM
PBkofamerica ATM
^
D11/15'19
U34,784.00
T34,784.00
C*
NATM
PBkofamerica ATM
^
D11/15'19
U-1,515.38
T-1,515.38
C*
PIi Interval Int
LTravel
^
D11/15'19
U-28.63
T-28.63
C*
PWawa
MPURCHASE 08/29 CINNAMINSON NJ CARD 1294
LAuto & Transportation:Fuel & Gas
^
D11/18'19
U-847.85
T-847.85
C*
PIi Interval Int
LTravel
^
D11/18'19
U-22.15
T-22.15
C*
PAuxiliary Service
LConstruction Supplies
^
D11/18'19
U-16.01
T-16.01
C*
PWawa
MPURCHASE 08/29 CINNAMINSON NJ CARD 1294
LAlexandro Dasilva
^
D11/18'19
U-19,382.00
T-19,382.00
C*
N1195
PFive Star Builders Inc
LSubcontractors
^
D11/19'19
U1,415.38
T1,415.38
C*
NATM
PIi Interval Int
^
D11/19'19
U-61.70
T-61.70
C*
PHome Depot
LConstruction Supplies
^
D11/19'19
U-40.49
T-40.49
C*
PWawa
MPURCHASE 08/29 CINNAMINSON NJ CARD 1294
LAuto & Transportation:Fuel & Gas
^
D11/20'19
U-12.20
T-12.20
C*
PWawa
MPURCHASE 08/29 CINNAMINSON NJ CARD 1294
LAlexandro Dasilva
^
D11/21'19
U-35.49
T-35.49
C*
PWawa
MPURCHASE 08/29 CINNAMINSON NJ CARD 1294
LAuto & Transportation:Fuel & Gas
^
D11/22'19
U30,000.00
T30,000.00
C*
PCounter
^
D11/22'19
U-35.26
T-35.26
C*
PAuxiliary Service
LConstruction Supplies
^
D11/22'19
U-26.50
T-26.50
C*
PWawa
MPURCHASE 08/29 CINNAMINSON NJ CARD 1294
LAuto & Transportation:Fuel & Gas
^
D11/25'19
U-15.00
T-15.00
C*
PWawa
MPURCHASE 08/29 CINNAMINSON NJ CARD 1294
LAlexandro Dasilva
^
D11/25'19
U-33.70
T-33.70
C*
PShakey's
LAuto & Transportation
^
D11/25'19
U-17.50
T-17.50
C*
PWawa
MPURCHASE 08/29 CINNAMINSON NJ CARD 1294
LAlexandro Dasilva
^
D11/25'19
U-30,000.00
T-30,000.00
C*
N1196
PBusiness Experts Inc
LSubcontractors
^
D11/26'19
U-10.11
T-10.11
C*
PWawa
MPURCHASE 08/29 CINNAMINSON NJ CARD 1294
LAlexandro Dasilva
^
D11/26'19
U-32.03
T-32.03
C*
PWawa
MPURCHASE 08/29 CINNAMINSON NJ CARD 1294
LAuto & Transportation:Fuel & Gas
^
D11/27'19
U2,000.00
T2,000.00
C*
NATM
PBkofamerica ATM
^
D11/27'19
U10,000.00
T10,000.00
C*
NATM
PBkofamerica ATM
^
D11/27'19
U24,105.20
T24,105.20
C*
NATM
PBkofamerica ATM
^
D11/27'19
U-29.00
T-29.00
C*
PWawa
MPURCHASE 08/29 CINNAMINSON NJ CARD 1294
LAuto & Transportation:Fuel & Gas
^
D11/27'19
U-19.29
T-19.29
C*
PExxon
LAuto & Transportation:Fuel & Gas
^
D11/27'19
U-12,858.00
T-12,858.00
C*
N1197
PFive Star Builders Inc
LSubcontractors
^
D11/29'19
U-1,342.94
T-1,342.94
C*
PAuxiliary Service
LConstruction Supplies
^
D11/29'19
U-40.00
T-40.00
C*
PWawa
MPURCHASE 08/29 CINNAMINSON NJ CARD 1294
LAuto & Transportation:Fuel & Gas
^
D11/29'19
U-23.73
T-23.73
C*
PWawa
MPURCHASE 08/29 CINNAMINSON NJ CARD 1294
LAuto & Transportation:Fuel & Gas
^
D12/ 2'19
U23.97
T23.97
C*
NATM
PHome Depot Refun
^
D12/ 2'19
U-100.00
T-100.00
C*
PHome Depot
LConstruction Supplies
^
D12/ 2'19
U-19.13
T-19.13
C*
PHome Depot
LConstruction Supplies
^
D12/ 2'19
U-17.00
T-17.00
C*
PWawa
MPURCHASE 08/29 CINNAMINSON NJ CARD 1294
LAlexandro Dasilva
^
D12/ 2'19
U-28.40
T-28.40
C*
PWawa
MPURCHASE 08/29 CINNAMINSON NJ CARD 1294
LAuto & Transportation:Fuel & Gas
^
D12/ 3'19
U-33,674.00
T-33,674.00
C*
N1198
PBusiness Experts Inc
LSubcontractors
^
D12/ 5'19
U25,000.00
T25,000.00
C*
NATM
PBkofamerica Mobile
^
D12/ 5'19
U-60.39
T-60.39
C*
PHome Depot
LConstruction Supplies
^
D12/ 5'19
U-51.00
T-51.00
C*
PWawa
MPURCHASE 08/29 CINNAMINSON NJ CARD 1294
LAuto & Transportation:Fuel & Gas
^
D12/ 6'19
U-24.00
T-24.00
C*
PWawa
MPURCHASE 08/29 CINNAMINSON NJ CARD 1294
LAuto & Transportation:Fuel & Gas
^
D12/ 6'19
U-822.00
T-822.00
C*
N1200
PState Workers Insurance Fund
LInsurance
^
D12/ 6'19
U-3,000.00
T-3,000.00
C*
N1201
PAlexandro c Da Silva
LAlexandro Dasilva
^
D12/ 9'19
U-104.17
T-104.17
C*
PCertifit Auto Pen
LAuto & Transportation
^
D12/ 9'19
U-742.15
T-742.15
C*
PHome Depot
LConstruction Supplies
^
D12/ 9'19
U-28.60
T-28.60
C*
PWawa
MPURCHASE 08/29 CINNAMINSON NJ CARD 1294
LAuto & Transportation:Fuel & Gas
^
D12/ 9'19
U-123.49
T-123.49
C*
PHome Depot
LConstruction Supplies
^
D12/ 9'19
U-25.91
T-25.91
C*
PAuxiliary Service Purc
LConstruction Supplies
^
D12/ 9'19
U-28.00
T-28.00
C*
PWawa
MPURCHASE 08/29 CINNAMINSON NJ CARD 1294
LAuto & Transportation:Fuel & Gas
^
D12/ 9'19
U-20,000.00
T-20,000.00
C*
N1202
PBusiness Experts Inc
LSubcontractors
^
D12/10'19
U-10.29
T-10.29
C*
PWawa
MPURCHASE 08/29 CINNAMINSON NJ CARD 1294
LAlexandro Dasilva
^
D12/11'19
U10,000.00
T10,000.00
C*
NATM
PBkofamerica ATM
^
D12/11'19
U-29.00
T-29.00
C*
PWawa
MPURCHASE 08/29 CINNAMINSON NJ CARD 1294
LAuto & Transportation:Fuel & Gas
^
D12/12'19
U-465.72
T-465.72
C*
PRef Port Fhf
LInsurance
^
D12/12'19
U-14.55
T-14.55
C*
PWawa
MPURCHASE 08/29 CINNAMINSON NJ CARD 1294
LAlexandro Dasilva
^
D12/13'19
U-35.46
T-35.46
C*
PWawa
MPURCHASE 08/29 CINNAMINSON NJ CARD 1294
LAuto & Transportation:Fuel & Gas
^
D12/13'19
U-507.00
T-507.00
C*
PCarvant Financial Llc
LAuto & Transportation
^
D12/16'19
U12,000.00
T12,000.00
C*
NATM
PBkofamerica ATM
^
D12/16'19
U-16.00
T-16.00
C*
PWawa
MPURCHASE 08/29 CINNAMINSON NJ CARD 1294
LAlexandro Dasilva
^
D12/16'19
U-23.50
T-23.50
C*
PWawa
MPURCHASE 08/29 CINNAMINSON NJ CARD 1294
LAuto & Transportation:Fuel & Gas
^
D12/17'19
U-6.57
T-6.57
C*
PLowe's
MPURCHASE 05/30 PHILADELPHIA PA CARD 5592
LConstruction Supplies
^
D12/17'19
U-10.05
T-10.05
C*
PWawa
MPURCHASE 08/29 CINNAMINSON NJ CARD 1294
LAlexandro Dasilva
^
D12/17'19
U-11.92
T-11.92
C*
PWawa
MPURCHASE 08/29 CINNAMINSON NJ CARD 1294
LAlexandro Dasilva
^
D12/18'19
U-24.50
T-24.50
C*
PSajoma Deli Mini
LAlexandro Dasilva
^
D12/18'19
U-17.00
T-17.00
C*
PWawa
MPURCHASE 08/29 CINNAMINSON NJ CARD 1294
LAlexandro Dasilva
^
D12/18'19
U-22,000.00
T-22,000.00
C*
N1204
PBusiness Experts Inc
LSubcontractors
^
D12/19'19
U-24.27
T-24.27
C*
PWawa
MPURCHASE 08/29 CINNAMINSON NJ CARD 1294
LAuto & Transportation:Fuel & Gas
^
D12/20'19
U-23.24
T-23.24
C*
PWawa
MPURCHASE 08/29 CINNAMINSON NJ CARD 1294
LAuto & Transportation:Fuel & Gas
^
D12/20'19
U-28.58
T-28.58
C*
PWawa
MPURCHASE 08/29 CINNAMINSON NJ CARD 1294
LAuto & Transportation:Fuel & Gas
^
D12/23'19
U-5.80
T-5.80
C*
PWawa
MPURCHASE 08/29 CINNAMINSON NJ CARD 1294
LAlexandro Dasilva
^
D12/24'19
U-45.75
T-45.75
C*
PWawa
MPURCHASE 08/29 CINNAMINSON NJ CARD 1294
LAuto & Transportation:Fuel & Gas
^
D12/27'19
U-38.00
T-38.00
C*
PWawa
MPURCHASE 08/29 CINNAMINSON NJ CARD 1294
LAuto & Transportation:Fuel & Gas
^
D12/30'19
U-36.14
T-36.14
C*
PLowe's
MPURCHASE 05/30 PHILADELPHIA PA CARD 5592
LConstruction Supplies
^
D12/30'19
U-26.00
T-26.00
C*
PWawa
MPURCHASE 08/29 CINNAMINSON NJ CARD 1294
LAuto & Transportation:Fuel & Gas
^
D12/31'19
U-4.90
T-4.90
C*
PWawa
MPURCHASE 08/29 CINNAMINSON NJ CARD 1294
LAlexandro Dasilva
^
D12/31'19
U-41.02
T-41.02
C*
PWawa
MPURCHASE 08/29 CINNAMINSON NJ CARD 1294
LAuto & Transportation:Fuel & Gas
^
D1/ 2'20
U1,500.00
T1,500.00
C*
NATM
PBkofamerica Mobile
LDeposit
^
D1/ 2'20
U-29.95
T-29.95
C*
PAccount Maintenance Fee
LBank Charge
^
D1/ 2'20
U-32.18
T-32.18
C*
PPep Boys
LAuto & Transportation:Parts & Service
^
D1/ 2'20
U-206.09
T-206.09
C*
PHome Depot
LConstruction Supplies
^
D1/ 2'20
U-23.43
T-23.43
C*
PHome Depot
LConstruction Supplies
^
D1/ 2'20
U-198.79
T-198.79
C*
PAuxiliary Service Purc
LConstruction Supplies
^
D1/ 2'20
U-18.25
T-18.25
C*
PWawa
MPURCHASE 08/29 CINNAMINSON NJ CARD 1294
LPersonal
^
D1/ 3'20
U-226.31
T-226.31
C*
PHome Depot
LConstruction Supplies
^
D1/ 3'20
U-26.00
T-26.00
C*
PWawa
MPURCHASE 08/29 CINNAMINSON NJ CARD 1294
LPersonal
^
D1/ 6'20
U-145.06
T-145.06
C*
PHome Depot
LConstruction Supplies
^
D1/ 6'20
U-45.00
T-45.00
C*
PWawa
MPURCHASE 08/29 CINNAMINSON NJ CARD 1294
LAuto & Transportation:Fuel & Gas
^
D1/ 6'20
U-14.91
T-14.91
C*
PWawa
MPURCHASE 08/29 CINNAMINSON NJ CARD 1294
LPersonal
^
D1/ 7'20
U-25.02
T-25.02
C*
PWawa
MPURCHASE 08/29 CINNAMINSON NJ CARD 1294
LPersonal
^
D1/ 7'20
U-12.50
T-12.50
C*
PWawa
MPURCHASE 08/29 CINNAMINSON NJ CARD 1294
LPersonal
^
D1/ 8'20
U-31.75
T-31.75
C*
PWawa
MPURCHASE 08/29 CINNAMINSON NJ CARD 1294
LAuto & Transportation:Fuel & Gas
^
D1/ 9'20
U-5.59
T-5.59
C*
PQuick Stop
MPURCHASE 07/17 PHILADELPHIA PA CARD 5592
LPersonal
^
D1/10'20
U-30.25
T-30.25
C*
PWawa
MPURCHASE 08/29 CINNAMINSON NJ CARD 1294
LAuto & Transportation:Fuel & Gas
^
D1/13'20
U7,000.00
T7,000.00
C*
NATM
PBkofamerica Mobile
LDeposit
^
D1/13'20
U20,000.00
T20,000.00
C*
NATM
PBkofamerica Mobile
LDeposit
^
D1/13'20
U-38.50
T-38.50
C*
PWawa
MPURCHASE 08/29 CINNAMINSON NJ CARD 1294
LAuto & Transportation:Fuel & Gas
^
D1/13'20
U-7.30
T-7.30
C*
PWawa
MPURCHASE 08/29 CINNAMINSON NJ CARD 1294
LPersonal
^
D1/13'20
U-3.71
T-3.71
C*
PDsi Philly Parking
LAuto & Transportation:Parking
^
D1/13'20
U-54.50
T-54.50
C*
PDsi Philly Parking
LAuto & Transportation:Parking
^
D1/13'20
U-690.00
T-690.00
C*
N1207
PState Workers Insurance Fund
LInsurance
^
D1/13'20
U-1,083.00
T-1,083.00
C*
N1209
PEsdron Batista
LLabor
^
D1/14'20
U-465.72
T-465.72
C*
PPort Fhf
LInsurance
^
D1/14'20
U-1,013.49
T-1,013.49
C*
PAuxiliary Service Purc
LConstruction Supplies
^
D1/14'20
U-27.76
T-27.76
C*
PWawa
MPURCHASE 08/29 CINNAMINSON NJ CARD 1294
LPersonal
^
D1/15'20
U-27.58
T-27.58
C*
PWawa
MPURCHASE 08/29 CINNAMINSON NJ CARD 1294
LPersonal
^
D1/15'20
U-23.79
T-23.79
C*
PWawa
MPURCHASE 08/29 CINNAMINSON NJ CARD 1294
LPersonal
^
D1/15'20
U-21,423.00
T-21,423.00
C*
N1208
PBusiness Experts Inc
LSubcontractors
^
D1/17'20
U-97.19
T-97.19
C*
PHarbor Freight Ph
LConstruction Supplies
^
D1/17'20
U-326.43
T-326.43
C*
PHome Depot
LConstruction Supplies
^
D1/17'20
U-27.50
T-27.50
C*
PWawa
MPURCHASE 08/29 CINNAMINSON NJ CARD 1294
LPersonal
^
D1/17'20
U-506.00
T-506.00
C*
PCarvant Financial Llc
LAuto & Transportation:Loans & Finance Payments
^
D1/21'20
U-39.32
T-39.32
C*
PWawa
MPURCHASE 08/29 CINNAMINSON NJ CARD 1294
LAuto & Transportation:Fuel & Gas
^
D1/21'20
U-26.00
T-26.00
C*
PWawa
MPURCHASE 08/29 CINNAMINSON NJ CARD 1294
LPersonal
^
D1/22'20
U-29.87
T-29.87
C*
PHome Depot
LConstruction Supplies
^
D1/22'20
U-17.63
T-17.63
C*
PWawa
MPURCHASE 08/29 CINNAMINSON NJ CARD 1294
LPersonal
^
D1/22'20
U-5.85
T-5.85
C*
PWawa
MPURCHASE 08/29 CINNAMINSON NJ CARD 1294
LPersonal
^
D1/22'20
U-1,982.00
T-1,982.00
C*
N1205
PUs Department Of Labor Occupational Safety Heatlh Administratio
LOsha
^
D1/22'20
U-991.00
T-991.00
C*
N1206
PUs Department Of Labor Occupational Safety Heatlh Administratio
LOsha
^
D1/23'20
U-43.17
T-43.17
C*
PHome Depot
LConstruction Supplies
^
D1/23'20
U-36.50
T-36.50
C*
PWawa
MPURCHASE 08/29 CINNAMINSON NJ CARD 1294
LAuto & Transportation:Fuel & Gas
^
D1/24'20
U-28.50
T-28.50
C*
PWawa
MPURCHASE 08/29 CINNAMINSON NJ CARD 1294
LPersonal
^
D1/27'20
U10,000.00
T10,000.00
C*
NATM
PBkofamerica ATM
LDeposit
^
D1/27'20
U15,000.00
T15,000.00
C*
NATM
PBkofamerica ATM
LDeposit
^
D1/27'20
U-26.25
T-26.25
C*
PWawa
MPURCHASE 08/29 CINNAMINSON NJ CARD 1294
LPersonal
^
D1/27'20
U-22.93
T-22.93
C*
PWawa
MPURCHASE 08/29 CINNAMINSON NJ CARD 1294
LPersonal
^
D1/27'20
U-39.98
T-39.98
C*
PHome Depot
LConstruction Supplies
^
D1/27'20
U-127.82
T-127.82
C*
PAuxiliary Service Purc
LConstruction Supplies
^
D1/28'20
U-12.74
T-12.74
C*
PSunoco
MPURCHASE 07/10 PHILADELPHIA PA CARD 5592
LPersonal
^
D1/28'20
U-23.00
T-23.00
C*
PWawa
MPURCHASE 08/29 CINNAMINSON NJ CARD 1294
LPersonal
^
D1/28'20
U-43.94
T-43.94
C*
PWawa
MPURCHASE 08/29 CINNAMINSON NJ CARD 1294
LAuto & Transportation:Fuel & Gas
^
D1/29'20
U-17.00
T-17.00
C*
PWawa
MPURCHASE 08/29 CINNAMINSON NJ CARD 1294
LPersonal
^
D1/29'20
U-25,510.00
T-25,510.00
C*
N1210
PBusiness Experts Inc
LSubcontractors
^
D1/30'20
U-16.66
T-16.66
C*
PHome Depot
LConstruction Supplies
^
D1/30'20
U-36.75
T-36.75
C*
PWawa
MPURCHASE 08/29 CINNAMINSON NJ CARD 1294
LAuto & Transportation:Fuel & Gas
^
D1/30'20
U-46.35
T-46.35
C*
PWawa
MPURCHASE 08/29 CINNAMINSON NJ CARD 1294
LAuto & Transportation:Fuel & Gas
^
D1/31'20
U-34.57
T-34.57
C*
PSunoco
MPURCHASE 07/10 PHILADELPHIA PA CARD 5592
LAuto & Transportation:Fuel & Gas
^
D1/31'20
U-27.18
T-27.18
C*
PWawa
MPURCHASE 08/29 CINNAMINSON NJ CARD 1294
LPersonal
^
D2/ 3'20
U-29.95
T-29.95
C*
PAccount Maintenance Fee
LBank Charge
^
D2/ 3'20
U-33.50
T-33.50
C*
PWawa
MPURCHASE 08/29 CINNAMINSON NJ CARD 1294
LAuto & Transportation:Fuel & Gas
^
D2/ 3'20
U-12.28
T-12.28
C*
PWawa
MPURCHASE 08/29 CINNAMINSON NJ CARD 1294
LPersonal
^
D2/ 4'20
U6,000.00
T6,000.00
C*
NATM
PBkofamerica ATM
LDeposit
^
D2/ 4'20
U14,000.00
T14,000.00
C*
PCounter
LDeposit
^
D2/ 4'20
U20,000.00
T20,000.00
C*
NATM
PBkofamerica ATM
LDeposit
^
D2/ 5'20
U-79.79
T-79.79
C*
PHome Depot
LConstruction Supplies
^
D2/ 5'20
U-46.29
T-46.29
C*
PWawa
MPURCHASE 08/29 CINNAMINSON NJ CARD 1294
LAuto & Transportation:Fuel & Gas
^
D2/ 6'20
U-16.75
T-16.75
C*
PHome Depot
LConstruction Supplies
^
D2/ 6'20
U-20,409.00
T-20,409.00
C*
N1211
PBusiness Experts Inc
LSubcontractors
^
D2/ 7'20
U-32.82
T-32.82
C*
PWawa
MPURCHASE 08/29 CINNAMINSON NJ CARD 1294
LAuto & Transportation:Fuel & Gas
^
D2/10'20
U2,796.00
T2,796.00
C*
NATM
PBkofamerica Mobile
LDeposit
^
D2/10'20
U3,400.00
T3,400.00
C*
NATM
PBkofamerica Mobile
LDeposit
^
D2/10'20
U5,300.00
T5,300.00
C*
NATM
PBkofamerica Mobile
LDeposit
^
D2/10'20
U7,332.00
T7,332.00
C*
NATM
PBkofamerica Mobile
LDeposit
^
D2/10'20
U-25.00
T-25.00
C*
PWawa
MPURCHASE 08/29 CINNAMINSON NJ CARD 1294
LPersonal
^
D2/10'20
U-44.62
T-44.62
C*
PWawa
MPURCHASE 08/29 CINNAMINSON NJ CARD 1294
LAuto & Transportation:Fuel & Gas
^
D2/10'20
U-234.06
T-234.06
C*
PC R Building
MPURCHASE 08/27 PHILADELPHIA PA CARD 5592
LConstruction Supplies
^
D2/10'20
U-23.29
T-23.29
C*
PWawa
MPURCHASE 08/29 CINNAMINSON NJ CARD 1294
LPersonal
^
D2/10'20
U-10.00
T-10.00
C*
PPark America
LAuto & Transportation:Parking
^
D2/10'20
U-822.00
T-822.00
C*
N1212
PState Workers Insurance Fund
LInsurance
^
D2/11'20
U-20.55
T-20.55
C*
PWawa
MPURCHASE 08/29 CINNAMINSON NJ CARD 1294
LPersonal
^
D2/11'20
U-18,000.00
T-18,000.00
C*
N1214
PBusiness Experts Inc
LSubcontractors
^
D2/12'20
U-465.72
T-465.72
C*
PPort Fhf
LInsurance
^
D2/12'20
U-61.12
T-61.12
C*
PHome Depot
LConstruction Supplies
^
D2/12'20
U-16.55
T-16.55
C*
PWal-mart
LPersonal
^
D2/12'20
U-22.50
T-22.50
C*
PWawa
MPURCHASE 08/29 CINNAMINSON NJ CARD 1294
LPersonal
^
D2/13'20
U-19.41
T-19.41
C*
PHome Depot
LConstruction Supplies
^
D2/13'20
U-23.64
T-23.64
C*
PWawa
MPURCHASE 08/29 CINNAMINSON NJ CARD 1294
LPersonal
^
D2/13'20
U-16,694.00
T-16,694.00
C*
N1216
PBusiness Experts Inc
LSubcontractors
^
D2/13'20
U-420.00
T-420.00
C*
N1217
PAlexandro c Da Silva
LSubcontractors
^
D2/14'20
U-11.00
T-11.00
C*
PWawa
MPURCHASE 08/29 CINNAMINSON NJ CARD 1294
LPersonal
^
D2/18'20
U-29.01
T-29.01
C*
PWawa
MPURCHASE 08/29 CINNAMINSON NJ CARD 1294
LPersonal
^
D2/18'20
U-14.00
T-14.00
C*
PLas Esquina Del
LPersonal
^
D2/18'20
U-24.25
T-24.25
C*
PWawa
MPURCHASE 08/29 CINNAMINSON NJ CARD 1294
LPersonal
^
D2/18'20
U-506.00
T-506.00
C*
PCarvant Financial Llc
LAuto & Transportation:Loans & Finance Payments
^
D2/19'20
U-12.00
T-12.00
C*
PWawa
MPURCHASE 08/29 CINNAMINSON NJ CARD 1294
LPersonal
^
D2/20'20
U-24.00
T-24.00
C*
PWawa
MPURCHASE 08/29 CINNAMINSON NJ CARD 1294
LPersonal
^
D2/20'20
U-32.00
T-32.00
C*
PLas Esquina Del
LPersonal
^
D2/21'20
U-45.07
T-45.07
C*
PHome Depot
LConstruction Supplies
^
D2/21'20
U-221.00
T-221.00
C*
PAuxiliary Service Purc
LConstruction Supplies
^
D2/24'20
U-183.04
T-183.04
C*
PHarbor Freight Pe
LConstruction Supplies
^
D2/24'20
U-20.75
T-20.75
C*
PWawa
MPURCHASE 08/29 CINNAMINSON NJ CARD 1294
LPersonal
^
D2/24'20
U-53.15
T-53.15
C*
PWawa
MPURCHASE 08/29 CINNAMINSON NJ CARD 1294
LAuto & Transportation:Fuel & Gas
^
D2/25'20
U-75.00
T-75.00
C*
PWawa
MPURCHASE 08/29 CINNAMINSON NJ CARD 1294
LAuto & Transportation:Fuel & Gas
^
D2/26'20
U-595.00
T-595.00
C*
PTeam Funding Solutions
LOffice
^
D2/26'20
U-25.25
T-25.25
C*
PWawa
MPURCHASE 08/29 CINNAMINSON NJ CARD 1294
LPersonal
^
D2/27'20
U-25.75
T-25.75
C*
PWawa
MPURCHASE 08/29 CINNAMINSON NJ CARD 1294
LPersonal
^
D2/28'20
U-991.00
T-991.00
C*
N1218
PUs Department Of Labor Occupational Safety Heatlh Administratio
LOsha
^
D3/ 2'20
U5,610.00
T5,610.00
C*
NATM
PBkofamerica ATM
LDeposit
^
D3/ 2'20
U-29.95
T-29.95
C*
PAccount Maintenance Fee
LBank Charge
^
D3/ 2'20
U-68.39
T-68.39
C*
PAuxiliary Service Purc
LConstruction Supplies
^
D3/ 2'20
U-44.00
T-44.00
C*
PWawa
MPURCHASE 08/10 OAKS PA CARD 1294
LAuto & Transportation:Fuel & Gas
^
D3/ 3'20
U-35.44
T-35.44
C*
PWawa
MPURCHASE 08/10 OAKS PA CARD 1294
LAuto & Transportation:Fuel & Gas
^
D3/ 4'20
U-5,055.65
T-5,055.65
C*
PAuxiliary Service Purc
LConstruction Supplies
^
D3/ 4'20
U-16.00
T-16.00
C*
PWawa
MPURCHASE 08/10 OAKS PA CARD 1294
LPersonal
^
D3/ 5'20
U-12.06
T-12.06
C*
PWawa
MPURCHASE 08/10 OAKS PA CARD 1294
LPersonal
^
D3/ 6'20
U-26.50
T-26.50
C*
PWawa
MPURCHASE 08/10 OAKS PA CARD 1294
LPersonal
^
D3/ 9'20
U20,000.00
T20,000.00
C*
NATM
PBkofamerica ATM
LDeposit
^
D3/ 9'20
U-26.25
T-26.25
C*
PWawa
MPURCHASE 08/10 OAKS PA CARD 1294
LPersonal
^
D3/ 9'20
U-29.52
T-29.52
C*
PWawa
MPURCHASE 08/10 OAKS PA CARD 1294
LPersonal
^
D3/10'20
U-24.46
T-24.46
C*
PWawa
MPURCHASE 08/10 OAKS PA CARD 1294
LPersonal
^
D3/11'20
U-822.00
T-822.00
C*
N1222
PState Workers Insurance Fund
LInsurance
^
D3/11'20
U-2,000.00
T-2,000.00
C*
N1223
PCrusco Safety Llc
LConstruction Supplies
^
D3/11'20
U-1,000.00
T-1,000.00
C*
N1224
PCrusco Safety Llc
LConstruction Supplies
^
D3/12'20
U1,000.00
T1,000.00
C*
NATM
PBkofamerica ATM
L[Checking 4926]
^
D3/12'20
U-465.72
T-465.72
C*
PPort Fhf
LInsurance
^
D3/12'20
U-31.25
T-31.25
C*
PWawa
MPURCHASE 08/10 OAKS PA CARD 1294
LAuto & Transportation:Fuel & Gas
^
D3/13'20
U2,450.00
T2,450.00
C*
NATM
PBkofamerica ATM
LDeposit
^
D3/13'20
U22,460.00
T22,460.00
C*
NATM
PBkofamerica ATM
LDeposit
^
D3/13'20
U-28.81
T-28.81
C*
PWawa
MPURCHASE 08/10 OAKS PA CARD 1294
LPersonal
^
D3/16'20
U-32.87
T-32.87
C*
PWawa
MPURCHASE 08/10 OAKS PA CARD 1294
LAuto & Transportation:Fuel & Gas
^
D3/16'20
U-10.00
T-10.00
C*
PWawa
MPURCHASE 08/10 OAKS PA CARD 1294
LPersonal
^
D3/16'20
U-16,327.00
T-16,327.00
C*
N1221
PBusiness Experts Inc
LSubcontractors
^
D3/17'20
U-57.63
T-57.63
C*
PWawa
MPURCHASE 08/10 OAKS PA CARD 1294
LAuto & Transportation:Fuel & Gas
^
D3/17'20
U-20,757.00
T-20,757.00
C*
N1225
PBusiness Experts Inc
LSubcontractors
^
D3/18'20
U-388.07
T-388.07
C*
PHome Depot
MPURCHASE 08/08 NORRISTOWN PA CARD 1294
LConstruction Supplies
^
D3/18'20
U-71.17
T-71.17
C*
PSunoco
MPURCHASE 08/25 PHILADELPHIA PA CARD 5592
LAuto & Transportation:Fuel & Gas
^
D3/20'20
U-17.17
T-17.17
C*
PLukoil
LPersonal
^
D3/23'20
U44,780.72
T44,780.72
C*
PCounter
LDeposit
^
D3/23'20
U-506.00
T-506.00
C*
PCarvant Financial Llc
LAuto & Transportation:Loans & Finance Payments
^
D3/23'20
U-11.81
T-11.81
C*
PSunoco
MPURCHASE 08/25 PHILADELPHIA PA CARD 5592
LPersonal
^
D3/25'20
U12,044.00
T12,044.00
C*
NATM
PBkofamerica ATM
LDeposit
^
D3/25'20
U-58.77
T-58.77
C*
PWawa
MPURCHASE 08/10 OAKS PA CARD 1294
LAuto & Transportation:Fuel & Gas
^
D3/26'20
U-13.35
T-13.35
C*
PHome Depot
MPURCHASE 08/08 NORRISTOWN PA CARD 1294
LConstruction Supplies
^
D3/27'20
U-11.95
T-11.95
C*
PSunoco
MPURCHASE 08/25 PHILADELPHIA PA CARD 5592
LPersonal
^
D3/27'20
U-36.93
T-36.93
C*
PWawa
MPURCHASE 08/10 OAKS PA CARD 1294
LAuto & Transportation:Fuel & Gas
^
D3/27'20
U-1,500.00
T-1,500.00
C*
N1231
PEsdron Batista
LLabor
^
D3/27'20
U-10,660.00
T-10,660.00
C*
N1233
PAlexandro c Da Silva
LSubcontractors
^
D3/30'20
U-6,000.00
T-6,000.00
C*
N1227
PBusiness Experts Inc
LSubcontractors
^
D3/30'20
U-5,476.00
T-5,476.00
C*
N1228
PFdr Contractor
LSubcontractors
^
D3/30'20
U-5,490.00
T-5,490.00
C*
N1229
PFdr Contractor
LSubcontractors
^
D3/30'20
U-7,000.00
T-7,000.00
C*
N1230
PBusiness Experts Inc
LSubcontractors
^
D3/30'20
U-8,500.00
T-8,500.00
C*
N1232
PFdr Contractor
LSubcontractors
^
D4/ 1'20
U-5,000.00
T-5,000.00
C*
N1226
PLorenzo Dinatale
LConstruction Supplies
^
D4/ 6'20
U-8,570.00
T-8,570.00
C*
N1234
PFdr Contractor
LSubcontractors
^
D4/ 7'20
U-27.76
T-27.76
C*
PWawa
MPURCHASE 08/10 OAKS PA CARD 1294
LPersonal
^
D4/10'20
U-822.00
T-822.00
C*
N1235
PState Workers Insurance Fund
LInsurance
^
D4/14'20
U-465.72
T-465.72
C*
PPort Fhf
LInsurance
^
D4/16'20
U3,000.00
T3,000.00
C*
NATM
PBkofamerica Mobile
L[Checking 4926]
^
D4/16'20
U-2,356.53
T-2,356.53
C*
PT C Leasing
LConstruction Supplies
^
D4/20'20
U-17.00
T-17.00
C*
PWawa
MPURCHASE 08/10 OAKS PA CARD 1294
LPersonal
^
D4/23'20
U-506.00
T-506.00
C*
PCarvant Financial Llc
LAuto & Transportation:Loans & Finance Payments
^
D5/ 1'20
U-29.95
T-29.95
C*
PAccount Maintenance Fee
LBank Charge
^
D5/ 1'20
U-991.00
T-991.00
C*
N1236
PUs Department Of Labor Occupational Safety Heatlh Administratio
LOsha
^
D5/ 4'20
U21.38
T21.38
C*
POverdraft Fee
MPOSTED ON 01/24 $19.06 PURCHASE AUTHORI ZED ON 01/23 AUXILIARY
LDeposit
^
D5/ 4'20
U-12.00
T-12.00
C*
POverdraft Fee
MPOSTED ON 01/24 $19.06 PURCHASE AUTHORI ZED ON 01/23 AUXILIARY
LBank Charge
^
D5/ 4'20
U-13.85
T-13.85
C*
PHarbor Freight Pe
LConstruction Supplies
^
D5/ 4'20
U-41.94
T-41.94
C*
PWawa
MPURCHASE 08/10 OAKS PA CARD 1294
LAuto & Transportation:Fuel & Gas
^
D5/ 4'20
U-56.00
T-56.00
C*
N1238
PVendroff Williams
LAuto & Transportation:Parts & Service
^
D5/ 6'20
U150.00
T150.00
C*
NATM
PBkofamerica ATM
L[Checking 4926]
^
D5/ 7'20
U-13.56
T-13.56
C*
PWawa
MPURCHASE 08/10 OAKS PA CARD 1294
LPersonal
^
D5/11'20
U150.00
T150.00
C*
NATM
PBkofamerica Mobile
LDeposit
^
D5/11'20
U-21.28
T-21.28
C*
PWawa
MPURCHASE 08/10 OAKS PA CARD 1294
LPersonal
^
D5/12'20
U600.00
T600.00
C*
NATM
PBkofamerica Mobile
L[Checking 4926]
^
D5/12'20
U-465.72
T-465.72
C*
PPort Fhf
LInsurance
^
D5/13'20
U4,198.66
T4,198.66
C*
NATM
PBkofamerica Mobile
LDeposit
^
D5/13'20
U-100.00
T-100.00
C*
POnline Banking Transfer
LTransfer
^
D5/13'20
U-31.45
T-31.45
C*
PWawa
MPURCHASE 08/10 OAKS PA CARD 1294
LAuto & Transportation:Fuel & Gas
^
D5/14'20
U15,000.00
T15,000.00
C*
NATM
PBkofamerica Mobile
LDeposit
^
D5/14'20
U-2,000.00
T-2,000.00
C*
N1239
PAe Carpenters
LLabor
^
D5/15'20
U10,000.00
T10,000.00
C*
NATM
PBkofamerica Mobile
LDeposit
^
D5/15'20
U-21.19
T-21.19
C*
PLowe's
MPURCHASE 08/10 PHILADELPHIA PA CARD 5592
LConstruction Supplies
^
D5/15'20
U-24.98
T-24.98
C*
PHome Depot
MPURCHASE 08/08 NORRISTOWN PA CARD 1294
LConstruction Supplies
^
D5/15'20
U-24.50
T-24.50
C*
PWawa
MPURCHASE 08/10 OAKS PA CARD 1294
LPersonal
^
D5/18'20
U-2,037.28
T-2,037.28
C*
PT C Leasing
LConstruction Supplies
^
D5/18'20
U-23.00
T-23.00
C*
PWawa
MPURCHASE 08/10 OAKS PA CARD 1294
LPersonal
^
D5/18'20
U-17.00
T-17.00
C*
PWawa
MPURCHASE 08/10 OAKS PA CARD 1294
LPersonal
^
D5/18'20
U-30.32
T-30.32
C*
PWawa
MPURCHASE 08/10 OAKS PA CARD 1294
LAuto & Transportation:Fuel & Gas
^
D5/19'20
U-36.27
T-36.27
C*
PWawa
MPURCHASE 08/10 OAKS PA CARD 1294
LAuto & Transportation:Fuel & Gas
^
D5/19'20
U-13.06
T-13.06
C*
PWawa
MPURCHASE 08/10 OAKS PA CARD 1294
LPersonal
^
D5/20'20
U-506.00
T-506.00
C*
PCarvant Financial Llc
LAuto & Transportation:Loans & Finance Payments
^
D5/21'20
U-28.00
T-28.00
C*
PWawa
MPURCHASE 08/10 OAKS PA CARD 1294
LPersonal
^
D5/21'20
U-36.00
T-36.00
C*
PWawa
MPURCHASE 08/10 OAKS PA CARD 1294
LAuto & Transportation:Fuel & Gas
^
D5/21'20
U-23,000.00
T-23,000.00
C*
N1240
PFdr Contractor
LSubcontractors
^
D5/22'20
U5,000.00
T5,000.00
C*
NATM
PBkofamerica ATM
LDeposit
^
D5/22'20
U7,100.00
T7,100.00
C*
NATM
PBkofamerica ATM
LDeposit
^
D5/22'20
U-21.24
T-21.24
C*
PWawa
MPURCHASE 08/10 OAKS PA CARD 1294
LPersonal
^
D5/26'20
U6,000.00
T6,000.00
C*
NATM
PBkofamerica Mobile
LDeposit
^
D5/26'20
U-116.48
T-116.48
C*
PHome Depot
MPURCHASE 08/08 NORRISTOWN PA CARD 1294
LConstruction Supplies
^
D5/26'20
U-300.35
T-300.35
C*
PHome Depot
MPURCHASE 08/08 NORRISTOWN PA CARD 1294
LConstruction Supplies
^
D5/26'20
U-148.33
T-148.33
C*
PHarbor Freight Pe
LConstruction Supplies
^
D5/26'20
U-37.58
T-37.58
C*
PShakey's
LPersonal
^
D5/26'20
U-35.30
T-35.30
C*
PWawa
MPURCHASE 08/10 OAKS PA CARD 1294
LAuto & Transportation:Fuel & Gas
^
D5/26'20
U-30.00
T-30.00
C*
PWawa
MPURCHASE 08/10 OAKS PA CARD 1294
LAuto & Transportation:Fuel & Gas
^
D5/26'20
U-19.61
T-19.61
C*
PWawa
MPURCHASE 08/10 OAKS PA CARD 1294
LPersonal
^
D5/26'20
U-3,000.00
T-3,000.00
C*
N1244
PAlexandro c Da Silva
LSubcontractors
^
D5/27'20
U-19.92
T-19.92
C*
PWawa
MPURCHASE 08/10 OAKS PA CARD 1294
LPersonal
^
D5/28'20
U-51.94
T-51.94
C*
PHome Depot
MPURCHASE 08/08 NORRISTOWN PA CARD 1294
LConstruction Supplies
^
D5/28'20
U-13,760.00
T-13,760.00
C*
N1243
PFdr Contractor
LSubcontractors
^
D5/29'20
U10,000.00
T10,000.00
C*
NATM
PBkofamerica ATM
LDeposit
^
D5/29'20
U-20.70
T-20.70
C*
PWawa
MPURCHASE 08/10 OAKS PA CARD 1294
LPersonal
^
D6/ 1'20
U-29.95
T-29.95
C*
PAccount Maintenance Fee
LBank Charge
^
D6/ 1'20
U-101.50
T-101.50
C*
PLowe's
MPURCHASE 08/10 PHILADELPHIA PA CARD 5592
LConstruction Supplies
^
D6/ 1'20
U-7.81
T-7.81
C*
PWawa
MPURCHASE 08/10 OAKS PA CARD 1294
LPersonal
^
D6/ 1'20
U-30.00
T-30.00
C*
PWawa
MPURCHASE 08/10 OAKS PA CARD 1294
LAuto & Transportation:Fuel & Gas
^
D6/ 2'20
U-45.31
T-45.31
C*
PHome Depot
MPURCHASE 08/08 NORRISTOWN PA CARD 1294
LConstruction Supplies
^
D6/ 2'20
U-134.73
T-134.73
C*
PAuxiliary Service Purc
LConstruction Supplies
^
D6/ 2'20
U-27.18
T-27.18
C*
PWawa
MPURCHASE 08/10 OAKS PA CARD 1294
LPersonal
^
D6/ 2'20
U-10,000.00
T-10,000.00
C*
N1246
PFdr Contractor
LSubcontractors
^
D6/ 3'20
U-42.79
T-42.79
C*
PAuxiliary Service Purc
LConstruction Supplies
^
D6/ 3'20
U-37.32
T-37.32
C*
PAuxiliary Service Purc
LConstruction Supplies
^
D6/ 3'20
U-22.00
T-22.00
C*
PWawa
MPURCHASE 08/10 OAKS PA CARD 1294
LPersonal
^
D6/ 3'20
U-16.10
T-16.10
C*
PWawa
MPURCHASE 08/10 OAKS PA CARD 1294
LPersonal
^
D6/ 4'20
U-50.66
T-50.66
C*
PLowe's
MPURCHASE 08/10 PHILADELPHIA PA CARD 5592
LConstruction Supplies
^
D6/ 4'20
U-292.12
T-292.12
C*
PLowe's
MPURCHASE 08/10 PHILADELPHIA PA CARD 5592
LConstruction Supplies
^
D6/ 8'20
U-35.63
T-35.63
C*
PWawa
MPURCHASE 08/10 OAKS PA CARD 1294
LAuto & Transportation:Fuel & Gas
^
D6/ 9'20
U10,183.00
T10,183.00
C*
NATM
PBkofamerica ATM
LDeposit
^
D6/ 9'20
U-150.92
T-150.92
C*
PC R Building
MPURCHASE 07/29 PHILADELPHIA PA CARD 1294
LConstruction Supplies
^
D6/ 9'20
U-27.21
T-27.21
C*
PWawa
MPURCHASE 08/10 OAKS PA CARD 1294
LPersonal
^
D6/10'20
U-135.00
T-135.00
C*
PHome Depot
MPURCHASE 08/08 NORRISTOWN PA CARD 1294
LConstruction Supplies
^
D6/10'20
U-39.56
T-39.56
C*
PSunoco
MPURCHASE 08/25 PHILADELPHIA PA CARD 5592
LAuto & Transportation:Fuel & Gas
^
D6/10'20
U-17.00
T-17.00
C*
PWawa
MPURCHASE 08/10 OAKS PA CARD 1294
LPersonal
^
D6/11'20
U-205.86
T-205.86
C*
PC R Building
MPURCHASE 07/29 PHILADELPHIA PA CARD 1294
LConstruction Supplies
^
D6/11'20
U-42.60
T-42.60
C*
PWawa
MPURCHASE 08/10 OAKS PA CARD 1294
LAuto & Transportation:Fuel & Gas
^
D6/11'20
U-900.00
T-900.00
C*
N1247
PEsdron Batista
LLabor
^
D6/12'20
U40,000.00
T40,000.00
C*
NATM
PBkofamerica Mobile
LDeposit
^
D6/12'20
U-465.72
T-465.72
C*
PPort Fhf
LInsurance
^
D6/12'20
U-324.17
T-324.17
C*
PLowe's
MPURCHASE 08/10 PHILADELPHIA PA CARD 5592
LConstruction Supplies
^
D6/12'20
U-35.00
T-35.00
C*
PWawa
MPURCHASE 08/10 OAKS PA CARD 1294
LAuto & Transportation:Fuel & Gas
^
D6/12'20
U-37.92
T-37.92
C*
PWawa
MPURCHASE 08/10 OAKS PA CARD 1294
LAuto & Transportation:Fuel & Gas
^
D6/12'20
U-19.05
T-19.05
C*
PWawa
MPURCHASE 08/10 OAKS PA CARD 1294
LPersonal
^
D6/15'20
U-540.60
T-540.60
C*
PLs Your Home
LConstruction Supplies
^
D6/15'20
U-19.28
T-19.28
C*
PWawa
MPURCHASE 08/10 OAKS PA CARD 1294
LPersonal
^
D6/15'20
U-19.41
T-19.41
C*
PHome Depot
MPURCHASE 08/08 NORRISTOWN PA CARD 1294
LConstruction Supplies
^
D6/15'20
U-22.00
T-22.00
C*
PWawa
MPURCHASE 08/10 OAKS PA CARD 1294
LPersonal
^
D6/15'20
U-29,723.00
T-29,723.00
C*
N1248
PFdr Contractor
LSubcontractors
^
D6/15'20
U-7,100.00
T-7,100.00
C*
N1249
PLifetime Contractor
LSubcontractors
^
D6/16'20
U-2,037.28
T-2,037.28
C*
PT C Leasing
LConstruction Supplies
^
D6/16'20
U-36.41
T-36.41
C*
PWawa
MPURCHASE 08/10 OAKS PA CARD 1294
LAuto & Transportation:Fuel & Gas
^
D6/16'20
U-12.38
T-12.38
C*
PWawa
MPURCHASE 08/10 OAKS PA CARD 1294
LPersonal
^
D6/16'20
U-17.97
T-17.97
C*
PWawa
MPURCHASE 08/10 OAKS PA CARD 1294
LPersonal
^
D6/16'20
U-1,960.00
T-1,960.00
C*
N1250
PAlexandro c Da Silva
LSubcontractors
^
D6/17'20
U-67.08
T-67.08
C*
PHome Depot
MPURCHASE 08/08 NORRISTOWN PA CARD 1294
LConstruction Supplies
^
D6/17'20
U-28.87
T-28.87
C*
PWawa
MPURCHASE 08/10 OAKS PA CARD 1294
LPersonal
^
D6/17'20
U-12.59
T-12.59
C*
PWawa
MPURCHASE 08/10 OAKS PA CARD 1294
LPersonal
^
D6/17'20
U-17.50
T-17.50
C*
PWawa
MPURCHASE 08/10 OAKS PA CARD 1294
LPersonal
^
D6/18'20
U-20.00
T-20.00
C*
PWawa
MPURCHASE 08/10 OAKS PA CARD 1294
LPersonal
^
D6/19'20
U9,471.64
T9,471.64
C*
NATM
PBkofamerica Mobile
LDeposit
^
D6/19'20
U-50.65
T-50.65
C*
PWawa
MPURCHASE 08/10 OAKS PA CARD 1294
LAuto & Transportation:Fuel & Gas
^
D6/19'20
U-29.10
T-29.10
C*
PWawa
MPURCHASE 08/10 OAKS PA CARD 1294
LPersonal
^
D6/22'20
U-74.91
T-74.91
C*
PAuxiliary Service Purc
LConstruction Supplies
^
D6/22'20
U-22.00
T-22.00
C*
PWawa
MPURCHASE 08/10 OAKS PA CARD 1294
LPersonal
^
D6/22'20
U-8,000.00
T-8,000.00
C*
N1252
PFdr Contractor
LSubcontractors
^
D6/23'20
U-41.50
T-41.50
C*
PWawa
MPURCHASE 08/10 OAKS PA CARD 1294
LAuto & Transportation:Fuel & Gas
^
D6/24'20
U3,000.00
T3,000.00
C*
NATM
PBkofamerica ATM
LDeposit
^
D6/24'20
U-72.19
T-72.19
C*
PAuxiliary Service Purc
LConstruction Supplies
^
D6/25'20
U-31.73
T-31.73
C*
PAuxiliary Service Purc
LConstruction Supplies
^
D6/25'20
U-23.50
T-23.50
C*
PWawa
MPURCHASE 08/10 OAKS PA CARD 1294
LPersonal
^
D6/26'20
U6,000.00
T6,000.00
C*
NATM
PBkofamerica ATM
LDeposit
^
D6/26'20
U9,900.00
T9,900.00
C*
NATM
PBkofamerica ATM
LDeposit
^
D6/26'20
U-677.55
T-677.55
C*
PHome Depot
MPURCHASE 08/08 NORRISTOWN PA CARD 1294
LConstruction Supplies
^
D6/26'20
U-28.77
T-28.77
C*
PWawa
MPURCHASE 08/10 OAKS PA CARD 1294
LPersonal
^
D6/29'20
U14,900.00
T14,900.00
C*
NATM
PBkofamerica ATM
LDeposit
^
D6/29'20
U15,000.00
T15,000.00
C*
NATM
PBkofamerica ATM
LDeposit
^
D6/29'20
U-40.00
T-40.00
C*
PWawa
MPURCHASE 08/10 OAKS PA CARD 1294
LAuto & Transportation:Fuel & Gas
^
D6/29'20
U-506.00
T-506.00
C*
PCarvant Financial Llc
LAuto & Transportation:Loans & Finance Payments
^
D6/29'20
U-21,000.00
T-21,000.00
C*
N1253
PLifetime Contractor
LSubcontractors
^
D6/30'20
U-13.36
T-13.36
C*
PWawa
MPURCHASE 08/10 OAKS PA CARD 1294
LPersonal
^
D6/30'20
U-26,000.00
T-26,000.00
C*
N1254
PLifetime Contractor
LSubcontractors
^
D7/ 1'20
U-1,297.62
T-1,297.62
C*
PG M Auto
LAuto & Transportation:Parts & Service
^
D7/ 2'20
U-29.25
T-29.25
C*
PWawa
MPURCHASE 08/10 OAKS PA CARD 1294
LPersonal
^
D7/ 2'20
U-21.76
T-21.76
C*
PWawa
MPURCHASE 08/10 OAKS PA CARD 1294
LPersonal
^
D7/ 3'20
U-26.48
T-26.48
C*
PWawa
MPURCHASE 08/10 OAKS PA CARD 1294
LPersonal
^
D7/ 6'20
U-45.84
T-45.84
C*
PAuxiliary Service Purc
LConstruction Supplies
^
D7/ 6'20
U-22.00
T-22.00
C*
PWawa
MPURCHASE 08/10 OAKS PA CARD 1294
LPersonal
^
D7/ 7'20
U63.58
T63.58
C*
NATM
PHome Depot Refund
LDeposit
^
D7/ 7'20
U-19.15
T-19.15
C*
PHome Depot
MPURCHASE 08/08 NORRISTOWN PA CARD 1294
LConstruction Supplies
^
D7/ 7'20
U-1,982.00
T-1,982.00
C*
N1251
PUs Department Of Labor Occupational Safety Heatlh Administratio
LOsha
^
D7/ 8'20
U-35.62
T-35.62
C*
PWawa
MPURCHASE 08/10 OAKS PA CARD 1294
LAuto & Transportation:Fuel & Gas
^
D7/ 9'20
U-35.00
T-35.00
C*
POverdraft Fee
MPOSTED ON 01/24 $19.06 PURCHASE AUTHORI ZED ON 01/23 AUXILIARY
LBank Charge
^
D7/ 9'20
U-5,000.00
T-5,000.00
C*
PUnited Rentals
MPURCHASE 03/05 PHILADELPHIA PA CARD 5592
LRental
^
D7/ 9'20
U-32.85
T-32.85
C*
PWawa
MPURCHASE 08/10 OAKS PA CARD 1294
LAuto & Transportation:Fuel & Gas
^
D7/ 9'20
U-822.00
T-822.00
C*
N1255
PState Workers Insurance Fund
LInsurance
^
D7/10'20
U52.00
T52.00
C*
POverdraft Fee
MPOSTED ON 01/24 $19.06 PURCHASE AUTHORI ZED ON 01/23 AUXILIARY
LDeposit
^
D7/10'20
U-12.00
T-12.00
C*
POverdraft Fee
MPOSTED ON 01/24 $19.06 PURCHASE AUTHORI ZED ON 01/23 AUXILIARY
LBank Charge
^
D7/10'20
U-40.00
T-40.00
C*
PWawa
MPURCHASE 08/10 OAKS PA CARD 1294
LAuto & Transportation:Fuel & Gas
^
D7/13'20
U1,400.00
T1,400.00
C*
NATM
PBkofamerica ATM
L[Checking 4926]
^
D7/13'20
U3,000.00
T3,000.00
C*
NATM
PBkofamerica Mobile
LDeposit
^
D7/14'20
U6,000.00
T6,000.00
C*
NATM
PBkofamerica ATM
LDeposit
^
D7/14'20
U-465.72
T-465.72
C*
PPort Fhf
LInsurance
^
D7/15'20
U4,328.00
T4,328.00
C*
NATM
PBkofamerica Mobile
LDeposit
^
D7/15'20
U-11.00
T-11.00
C*
PWawa
MPURCHASE 08/10 OAKS PA CARD 1294
LPersonal
^
D7/15'20
U-2,000.00
T-2,000.00
C*
N1257
PEsdron Batista
LLabor
^
D7/16'20
U-2,037.28
T-2,037.28
C*
PT C Leasing
LConstruction Supplies
^
D7/16'20
U-47.00
T-47.00
C*
PWawa
MPURCHASE 08/10 OAKS PA CARD 1294
LAuto & Transportation:Fuel & Gas
^
D7/16'20
U-13.00
T-13.00
C*
PWawa
MPURCHASE 08/10 OAKS PA CARD 1294
LPersonal
^
D7/16'20
U-27.64
T-27.64
C*
PWawa
MPURCHASE 08/10 OAKS PA CARD 1294
LPersonal
^
D7/17'20
U9,045.00
T9,045.00
C*
NATM
PBkofamerica Mobile
LDeposit
^
D7/17'20
U-6,000.00
T-6,000.00
C*
N1256
PFdr Contractor
LSubcontractors
^
D7/17'20
U-3,060.00
T-3,060.00
C*
N1258
PLifetime Contractor
LSubcontractors
^
D7/20'20
U17,000.00
T17,000.00
C*
NATM
PBkofamerica ATM
LDeposit
^
D7/20'20
U-10.42
T-10.42
C*
PSunoco
MPURCHASE 08/25 PHILADELPHIA PA CARD 5592
LPersonal
^
D7/20'20
U-48.38
T-48.38
C*
PHome Depot
MPURCHASE 08/08 NORRISTOWN PA CARD 1294
LConstruction Supplies
^
D7/20'20
U-17.55
T-17.55
C*
PHome Depot
MPURCHASE 08/08 NORRISTOWN PA CARD 1294
LConstruction Supplies
^
D7/20'20
U-16.40
T-16.40
C*
PWawa
MPURCHASE 08/10 OAKS PA CARD 1294
LPersonal
^
D7/20'20
U-20.98
T-20.98
C*
PWawa
MPURCHASE 08/10 OAKS PA CARD 1294
LPersonal
^
D7/20'20
U-18.50
T-18.50
C*
PWawa
MPURCHASE 08/10 OAKS PA CARD 1294
LPersonal
^
D7/20'20
U-150.38
T-150.38
C*
PAuxiliary Service Purc
LConstruction Supplies
^
D7/20'20
U-38.82
T-38.82
C*
PWawa
MPURCHASE 08/10 OAKS PA CARD 1294
LAuto & Transportation:Fuel & Gas
^
D7/21'20
U400.00
T400.00
C*
NATM
PBkofamerica Mobile
LDeposit
^
D7/21'20
U-231.70
T-231.70
C*
PCertifit Auto Pen
LAuto & Transportation:Parts & Service
^
D7/21'20
U-400.00
T-400.00
C*
N1261
PRoberta Juliao
LLabor
^
D7/22'20
U-428.25
T-428.25
C*
PAuxiliary Service Purc
LConstruction Supplies
^
D7/22'20
U-6.39
T-6.39
C*
PWawa
MPURCHASE 08/10 OAKS PA CARD 1294
LPersonal
^
D7/22'20
U-8.24
T-8.24
C*
PWawa
MPURCHASE 08/10 OAKS PA CARD 1294
LPersonal
^
D7/22'20
U-25,567.00
T-25,567.00
C*
N1259
PLifetime Contractor
LSubcontractors
^
D7/22'20
U-105.00
T-105.00
C*
N1260
PNj Muc
LPersonal
^
D7/23'20
U-35.00
T-35.00
C*
POverdraft Fee
MPOSTED ON 01/24 $19.06 PURCHASE AUTHORI ZED ON 01/23 AUXILIARY
LBank Charge
^
D7/23'20
U-331.34
T-331.34
C*
PBurlington Coat
LPersonal
^
D7/23'20
U-97.02
T-97.02
C*
PAuxiliary Service Purc
LConstruction Supplies
^
D7/23'20
U-29.87
T-29.87
C*
PWawa
MPURCHASE 08/10 OAKS PA CARD 1294
LPersonal
^
D7/24'20
U38.00
T38.00
C*
POverdraft Fee
MPOSTED ON 01/24 $19.06 PURCHASE AUTHORI ZED ON 01/23 AUXILIARY
LDeposit
^
D7/24'20
U-12.00
T-12.00
C*
POverdraft Fee
MPOSTED ON 01/24 $19.06 PURCHASE AUTHORI ZED ON 01/23 AUXILIARY
LBank Charge
^
D7/24'20
U-35.00
T-35.00
C*
POverdraft Fee
MPOSTED ON 01/24 $19.06 PURCHASE AUTHORI ZED ON 01/23 AUXILIARY
LBank Charge
^
D7/24'20
U-106.47
T-106.47
C*
PHome Depot
MPURCHASE 08/08 NORRISTOWN PA CARD 1294
LConstruction Supplies
^
D7/24'20
U-26.00
T-26.00
C*
PWawa
MPURCHASE 08/10 OAKS PA CARD 1294
LPersonal
^
D7/27'20
U2,200.00
T2,200.00
C*
NATM
PBkofamerica ATM
LDeposit
^
D7/27'20
U-43.47
T-43.47
C*
PWawa
MPURCHASE 08/10 OAKS PA CARD 1294
LAuto & Transportation:Fuel & Gas
^
D7/30'20
U-30.08
T-30.08
C*
PWawa
MPURCHASE 08/10 OAKS PA CARD 1294
LAuto & Transportation:Fuel & Gas
^
D7/31'20
U-12.23
T-12.23
C*
PSunoco
MPURCHASE 08/25 PHILADELPHIA PA CARD 5592
LPersonal
^
D7/31'20
U-15.29
T-15.29
C*
PWawa
MPURCHASE 08/10 OAKS PA CARD 1294
LPersonal
^
D8/ 3'20
U-29.95
T-29.95
C*
PAccount Maintenance Fee
LBank Charge
^
D8/ 3'20
U-15.67
T-15.67
C*
PWawa
MPURCHASE 08/10 OAKS PA CARD 1294
LPersonal
^
D8/ 3'20
U-83.15
T-83.15
C*
PAuxiliary Service Purc
LConstruction Supplies
^
D8/ 3'20
U-23.79
T-23.79
C*
PWawa
MPURCHASE 08/10 OAKS PA CARD 1294
LPersonal
^
D8/ 4'20
U600.00
T600.00
C*
NATM
PBkofamerica Mobile
LDeposit
^
D8/ 4'20
U1,000.00
T1,000.00
C*
NATM
PBkofamerica Mobile
L[Checking 4926]
^
D8/ 4'20
U1,750.00
T1,750.00
C*
NATM
PBkofamerica Mobile
LDeposit
^
D8/ 4'20
U6,000.00
T6,000.00
C*
NATM
PBkofamerica Mobile
LDeposit
^
D8/ 4'20
U-14.03
T-14.03
C*
PWawa
MPURCHASE 08/10 OAKS PA CARD 1294
LPersonal
^
D8/ 4'20
U-1,000.00
T-1,000.00
C*
N1263
PAe Carpenters
LLabor
^
D8/ 5'20
U-32.00
T-32.00
C*
PSunoco
MPURCHASE 08/25 PHILADELPHIA PA CARD 5592
LAuto & Transportation:Fuel & Gas
^
D8/ 5'20
U-136.25
T-136.25
C*
PAuxiliary Service Purc
LConstruction Supplies
^
D8/ 5'20
U-16.50
T-16.50
C*
PWawa
MPURCHASE 08/10 OAKS PA CARD 1294
LPersonal
^
D8/ 6'20
U-517.89
T-517.89
C*
PAuxiliary Service Purc
LConstruction Supplies
^
D8/ 6'20
U-12.00
T-12.00
C*
PWawa
MPURCHASE 08/10 OAKS PA CARD 1294
LPersonal
^
D8/ 6'20
U-20.00
T-20.00
C*
PWawa
MPURCHASE 08/10 OAKS PA CARD 1294
LPersonal
^
D8/ 6'20
U-600.00
T-600.00
C*
N1262
PLifetime Contractor
LSubcontractors
^
D8/10'20
U-16.00
T-16.00
C*
PRidge Gas Mi
MPURCHASE 09/20 PHILADELPHIA 796 CARD
LPersonal
^
D8/10'20
U-17.00
T-17.00
C*
PWawa
MPURCHASE 08/10 OAKS PA CARD 1294
LPersonal
^
D8/10'20
U-25.64
T-25.64
C*
PWawa
MPURCHASE 08/10 OAKS PA CARD 1294
LPersonal
^
D8/11'20
U6,000.00
T6,000.00
C*
NATM
PBkofamerica ATM
LDeposit
^
D8/11'20
U-6.58
T-6.58
C*
PWawa
MPURCHASE 08/10 OAKS PA CARD 1294
LPersonal
^
D8/12'20
U-465.72
T-465.72
C*
PPort Fhf
LInsurance
^
D8/12'20
U-5,685.21
T-5,685.21
C*
PUnited Rentals
MPURCHASE 03/05 PHILADELPHIA PA CARD 5592
LRental
^
D8/12'20
U-26.00
T-26.00
C*
PWawa
MPURCHASE 08/10 OAKS PA CARD 1294
LPersonal
^
D8/12'20
U-7,347.00
T-7,347.00
C*
N1264
PLifetime Contractor
LSubcontractors
^
D8/13'20
U-92.74
T-92.74
C*
PAdvance Auto Parts
LAuto & Transportation:Parts & Service
^
D8/13'20
U-29.93
T-29.93
C*
PWawa
MPURCHASE 08/10 OAKS PA CARD 1294
LPersonal
^
D8/13'20
U-506.00
T-506.00
C*
PCarvant Financial Llc
LAuto & Transportation:Loans & Finance Payments
^
D8/14'20
U-23.00
T-23.00
C*
PWawa
MPURCHASE 08/10 OAKS PA CARD 1294
LPersonal
^
D8/17'20
U5,500.00
T5,500.00
C*
NATM
PBkofamerica Mobile
LDeposit
^
D8/17'20
U-2,037.28
T-2,037.28
C*
PT C Leasing
LConstruction Supplies
^
D8/17'20
U-22.00
T-22.00
C*
PWawa
MPURCHASE 08/10 OAKS PA CARD 1294
LPersonal
^
D8/17'20
U-14.65
T-14.65
C*
PHome Depot
MPURCHASE 08/08 NORRISTOWN PA CARD 1294
LConstruction Supplies
^
D8/17'20
U-55.02
T-55.02
C*
PAuxiliary Service Purc
LConstruction Supplies
^
D8/17'20
U-21.00
T-21.00
C*
PWawa
MPURCHASE 08/10 OAKS PA CARD 1294
LPersonal
^
D8/19'20
U-34.00
T-34.00
C*
PWawa
MPURCHASE 08/10 OAKS PA CARD 1294
LAuto & Transportation:Fuel & Gas
^
D8/20'20
U-204.44
T-204.44
C*
PAuxiliary Service Purc
LConstruction Supplies
^
D8/20'20
U-16.35
T-16.35
C*
PWawa
MPURCHASE 08/10 OAKS PA CARD 1294
LPersonal
^
D8/21'20
U-18.00
T-18.00
C*
PWawa
MPURCHASE 08/10 OAKS PA CARD 1294
LPersonal
^
D8/24'20
U11,000.00
T11,000.00
C*
NATM
PBkofamerica Mobile
LDeposit
^
D8/24'20
U-14.09
T-14.09
C*
PAuxiliary Service Purc
LConstruction Supplies
^
D8/24'20
U-21.00
T-21.00
C*
PWawa
MPURCHASE 08/10 OAKS PA CARD 1294
LPersonal
^
D8/24'20
U-551.25
T-551.25
C*
PAuxiliary Service Purc
LConstruction Supplies
^
D8/24'20
U-9.00
T-9.00
C*
PWawa
MPURCHASE 08/10 OAKS PA CARD 1294
LPersonal
^
D8/24'20
U-24.60
T-24.60
C*
PWawa
MPURCHASE 08/10 OAKS PA CARD 1294
LPersonal
^
D8/25'20
U-8.49
T-8.49
C*
PWawa
MPURCHASE 08/10 OAKS PA CARD 1294
LPersonal
^
D8/25'20
U-13.87
T-13.87
C*
PWawa
MPURCHASE 08/10 OAKS PA CARD 1294
LPersonal
^
D8/26'20
U-56.79
T-56.79
C*
PHome Depot
MPURCHASE 08/08 NORRISTOWN PA CARD 1294
LConstruction Supplies
^
D8/26'20
U-32.50
T-32.50
C*
PAuxiliary Service Purc
LConstruction Supplies
^
D8/26'20
U-38.55
T-38.55
C*
PWawa
MPURCHASE 08/10 OAKS PA CARD 1294
LAuto & Transportation:Fuel & Gas
^
D8/26'20
U-109.50
T-109.50
C*
PDsi Philly Parking
LAuto & Transportation:Parking
^
D8/26'20
U-15.00
T-15.00
C*
PE-zpass
LAuto & Transportation:Tolls
^
D8/26'20
U-686.00
T-686.00
C*
PE-zpass
LAuto & Transportation:Tolls
^
D8/26'20
U-340.00
T-340.00
C*
PE-zpass
LAuto & Transportation:Tolls
^
D8/26'20
U-2,000.00
T-2,000.00
C*
N1266
PAe Carpenters
LLabor
^
D8/27'20
U-6.27
T-6.27
C*
PWawa
MPURCHASE 08/10 OAKS PA CARD 1294
LPersonal
^
D8/27'20
U-42.50
T-42.50
C*
PWawa
MPURCHASE 08/10 OAKS PA CARD 1294
LAuto & Transportation:Fuel & Gas
^
D8/28'20
U3,000.00
T3,000.00
C*
NATM
PBkofamerica Mobile
LDeposit
^
D8/28'20
U7,000.00
T7,000.00
C*
NATM
PBkofamerica Mobile
L[Checking 4926]
^
D8/28'20
U-48.92
T-48.92
C*
PHome Depot
MPURCHASE 08/08 NORRISTOWN PA CARD 1294
LConstruction Supplies
^
D8/28'20
U-423.92
T-423.92
C*
PAuxiliary Service Purc
LConstruction Supplies
^
D8/28'20
U-25.01
T-25.01
C*
PWawa
MPURCHASE 08/10 OAKS PA CARD 1294
LPersonal
^
D8/28'20
U-22.00
T-22.00
C*
PWawa
MPURCHASE 08/10 OAKS PA CARD 1294
LPersonal
^
D8/28'20
U-1,000.00
T-1,000.00
C*
PJp Auto Group
MPURCHASE 08/03 PHILADELPHIA PA CARD 5592
LAuto & Transportation:Parts & Service
^
D8/31'20
U-31.00
T-31.00
C*
PWawa
MPURCHASE 08/10 OAKS PA CARD 1294
LAuto & Transportation:Fuel & Gas
^
D8/31'20
U-242.42
T-242.42
C*
PC R Building
MPURCHASE 07/29 PHILADELPHIA PA CARD 1294
LConstruction Supplies
^
D8/31'20
U-16.28
T-16.28
C*
PWawa
MPURCHASE 08/10 OAKS PA CARD 1294
LPersonal
^
D8/31'20
U-6,653.00
T-6,653.00
C*
N1267
PLifetime Contractor
LSubcontractors
^
D9/ 1'20
U-29.95
T-29.95
C*
PAccount Maintenance Fee
LBank Charge
^
D9/ 1'20
U-13.31
T-13.31
C*
PWawa
MPURCHASE 05/01 CINNAMINSON NJ CARD 1294
LPersonal
^
D9/ 1'20
U-5,634.00
T-5,634.00
C*
N1268
PLifetime Contractor
LSubcontractors
^
D9/ 2'20
U-24.00
T-24.00
C*
PWawa
MPURCHASE 05/01 CINNAMINSON NJ CARD 1294
LPersonal
^
D9/ 3'20
U17,673.00
T17,673.00
C*
NATM
PBkofamerica ATM
LDeposit
^
D9/ 3'20
U-71.71
T-71.71
C*
PSunoco
MPURCHASE 08/25 PHILADELPHIA PA CARD 5592
LAuto & Transportation:Fuel & Gas
^
D9/ 3'20
U-12.87
T-12.87
C*
PC R Building
MPURCHASE 09/19 PHILADELPHIA PA CARD 5592
LConstruction Supplies
^
D9/ 3'20
U-23.41
T-23.41
C*
PWawa
MPURCHASE 05/01 CINNAMINSON NJ CARD 1294
LPersonal
^
D9/ 4'20
U-16.51
T-16.51
C*
PHome Depot
MPURCHASE 09/19 PHILADELPHIA PA CARD 1294
LConstruction Supplies
^
D9/ 4'20
U-22.32
T-22.32
C*
PWawa
MPURCHASE 05/01 CINNAMINSON NJ CARD 1294
LPersonal
^
D9/ 4'20
U-195.39
T-195.39
C*
PAuxiliary Service Purc
LConstruction Supplies
^
D9/ 4'20
U-23.23
T-23.23
C*
PWawa
MPURCHASE 05/01 CINNAMINSON NJ CARD 1294
LPersonal
^
D9/ 8'20
U3,000.00
T3,000.00
C*
NATM
PBkofamerica Mobile
LDeposit
^
D9/ 8'20
U-23.00
T-23.00
C*
PWawa
MPURCHASE 05/01 CINNAMINSON NJ CARD 1294
LPersonal
^
D9/ 8'20
U-24.57
T-24.57
C*
PHome Depot
MPURCHASE 09/19 PHILADELPHIA PA CARD 1294
LConstruction Supplies
^
D9/ 8'20
U-1,982.00
T-1,982.00
C*
N1265
PUs Department Of Labor Occupational Safety Heatlh Administratio
LOsha
^
D9/ 8'20
U-2,352.00
T-2,352.00
C*
N1270
PState Workers Insurance Fund
LInsurance
^
D9/ 9'20
U53,000.00
T53,000.00
C*
PBofa Fin Ctr
LDeposit
^
D9/ 9'20
U-600.20
T-600.20
C*
PAuxiliary Service Purc
LConstruction Supplies
^
D9/ 9'20
U-52.71
T-52.71
C*
PWawa
MPURCHASE 05/01 CINNAMINSON NJ CARD 1294
LAuto & Transportation:Fuel & Gas
^
D9/ 9'20
U-16,000.00
T-16,000.00
C*
N1271
PFdr Contractor
LSubcontractors
^
D9/10'20
U-38.00
T-38.00
C*
PWawa
MPURCHASE 05/01 CINNAMINSON NJ CARD 1294
LAuto & Transportation:Fuel & Gas
^
D9/11'20
U9,665.00
T9,665.00
C*
NATM
PBkofamerica ATM
LDeposit
^
D9/11'20
U28,600.00
T28,600.00
C*
NATM
PBkofamerica ATM
LDeposit
^
D9/11'20
U-120.89
T-120.89
C*
PHome Depot
MPURCHASE 09/19 PHILADELPHIA PA CARD 1294
LConstruction Supplies
^
D9/11'20
U-16.00
T-16.00
C*
PWawa
MPURCHASE 05/01 CINNAMINSON NJ CARD 1294
LPersonal
^
D9/11'20
U-1,000.00
T-1,000.00
C*
PJp Auto Group
MPURCHASE 08/03 PHILADELPHIA PA CARD 5592
LAuto & Transportation:Parts & Service
^
D9/11'20
U-50,000.00
T-50,000.00
C*
N1272
PLifetime Contractor
LSubcontractors
^
D9/14'20
U-465.72
T-465.72
C*
PPort Fhf
LInsurance
^
D9/14'20
U-111.94
T-111.94
C*
PVioc Ba Delra
LAuto & Transportation:Parts & Service
^
D9/14'20
U-805.00
T-805.00
C*
PCarvant Financial Llc
LAuto & Transportation:Loans & Finance Payments
^
D9/14'20
U-242.79
T-242.79
C*
PHome Depot
MPURCHASE 09/19 PHILADELPHIA PA CARD 1294
LConstruction Supplies
^
D9/14'20
U-17.00
T-17.00
C*
PWawa
MPURCHASE 05/01 CINNAMINSON NJ CARD 1294
LPersonal
^
D9/14'20
U-116.22
T-116.22
C*
PAuxiliary Service Purc
LConstruction Supplies
^
D9/14'20
U-22.76
T-22.76
C*
PAuxiliary Service Purc
LConstruction Supplies
^
D9/14'20
U-42.00
T-42.00
C*
PWawa
MPURCHASE 05/01 CINNAMINSON NJ CARD 1294
LAuto & Transportation:Fuel & Gas
^
D9/14'20
U-16.00
T-16.00
C*
PWawa
MPURCHASE 05/01 CINNAMINSON NJ CARD 1294
LPersonal
^
D9/15'20
U-11.34
T-11.34
C*
PWawa
MPURCHASE 05/01 CINNAMINSON NJ CARD 1294
LPersonal
^
D9/15'20
U-9.59
T-9.59
C*
PWawa
MPURCHASE 05/01 CINNAMINSON NJ CARD 1294
LPersonal
^
D9/15'20
U-48.00
T-48.00
C*
PWawa
MPURCHASE 05/01 CINNAMINSON NJ CARD 1294
LAuto & Transportation:Fuel & Gas
^
D9/15'20
U-16.00
T-16.00
C*
PValet Auto Wash
LPersonal
^
D9/15'20
U-15,315.00
T-15,315.00
C*
N1273
PLifetime Contractor
LSubcontractors
^
D9/15'20
U-25,685.00
T-25,685.00
C*
N1274
PLifetime Contractor
LSubcontractors
^
D9/16'20
U-2,037.28
T-2,037.28
C*
PT C Leasing
LConstruction Supplies
^
D9/16'20
U-131.00
T-131.00
C*
PLowe's
MPURCHASE 09/17 PHILADELPHIA PA CARD 1294
LConstruction Supplies
^
D9/17'20
U-39.00
T-39.00
C*
PWawa
MPURCHASE 05/01 CINNAMINSON NJ CARD 1294
LAuto & Transportation:Fuel & Gas
^
D9/17'20
U-36.51
T-36.51
C*
PWawa
MPURCHASE 05/01 CINNAMINSON NJ CARD 1294
LAuto & Transportation:Fuel & Gas
^
D9/17'20
U-119.50
T-119.50
C*
PDsi Philly Parking
LAuto & Transportation:Parking
^
D9/17'20
U-94.50
T-94.50
C*
PDsi Philly Parking
LAuto & Transportation:Parking
^
D9/18'20
U10,100.00
T10,100.00
C*
NATM
PBkofamerica Mobile
LDeposit
^
D9/18'20
U12,300.00
T12,300.00
C*
NATM
PBkofamerica Mobile
LDeposit
^
D9/18'20
U12,944.00
T12,944.00
C*
NATM
PBkofamerica Mobile
LDeposit
^
D9/18'20
U-10.59
T-10.59
C*
PWawa
MPURCHASE 05/01 CINNAMINSON NJ CARD 1294
LPersonal
^
D9/21'20
U-32,654.00
T-32,654.00
C*
N1275
PLifetime Contractor
LSubcontractors
^
D9/23'20
U-189.25
T-189.25
C*
PHome Depot
MPURCHASE 09/19 PHILADELPHIA PA CARD 1294
LConstruction Supplies
^
D9/24'20
U-140.34
T-140.34
C*
PLowe's
MPURCHASE 09/17 PHILADELPHIA PA CARD 1294
LConstruction Supplies
^
D9/24'20
U-23.94
T-23.94
C*
PWawa
MPURCHASE 05/01 CINNAMINSON NJ CARD 1294
LPersonal
^
D9/24'20
U-9.93
T-9.93
C*
PWawa
MPURCHASE 05/01 CINNAMINSON NJ CARD 1294
LPersonal
^
D9/24'20
U-17.21
T-17.21
C*
PWawa
MPURCHASE 05/01 CINNAMINSON NJ CARD 1294
LPersonal
^
D9/25'20
U-15.92
T-15.92
C*
PWawa
MPURCHASE 05/01 CINNAMINSON NJ CARD 1294
LPersonal
^
D9/25'20
U-28.26
T-28.26
C*
PAuxiliary Service Purc
LConstruction Supplies
^
D9/25'20
U-207.92
T-207.92
C*
PAuxiliary Service Purc
LConstruction Supplies
^
D9/28'20
U3,120.00
T3,120.00
C*
NATM
PBkofamerica Mobile
LDeposit
^
D9/28'20
U6,000.00
T6,000.00
C*
NATM
PBkofamerica Mobile
LDeposit
^
D9/29'20
U-9.72
T-9.72
C*
PHome Depot
MPURCHASE 09/19 PHILADELPHIA PA CARD 1294
LConstruction Supplies
^
D9/29'20
U-9.91
T-9.91
C*
PQuick Stop
MPURCHASE 07/17 PHILADELPHIA PA CARD 5592
LPersonal
^
D9/29'20
U-21.05
T-21.05
C*
PWawa
MPURCHASE 05/01 CINNAMINSON NJ CARD 1294
LPersonal
^
D9/30'20
U-15.90
T-15.90
C*
PHome Depot
MPURCHASE 09/19 PHILADELPHIA PA CARD 1294
LConstruction Supplies
^
D9/30'20
U-177.53
T-177.53
C*
PAuxiliary Service Purc
LConstruction Supplies
^
D9/30'20
U-32.50
T-32.50
C*
PWawa
MPURCHASE 05/01 CINNAMINSON NJ CARD 1294
LAuto & Transportation:Fuel & Gas
^
D10/ 1'20
U-671.71
T-671.71
C*
PHarbor Freight Pe
LConstruction Supplies
^
D10/ 1'20
U-24.71
T-24.71
C*
PWawa
MPURCHASE 10/23 CINNAMINSON NJ CARD 1294
LPersonal
^
D10/ 2'20
U-55.32
T-55.32
C*
PHome Depot
MPURCHASE 10/14 PHILADELPHIA PA CARD 5592
LConstruction Supplies
^
D10/ 2'20
U-23.60
T-23.60
C*
PWawa
MPURCHASE 10/23 CINNAMINSON NJ CARD 1294
LPersonal
^
D10/ 5'20
U4,000.00
T4,000.00
C*
NATM
PBkofamerica Mobile
LDeposit
^
D10/ 5'20
U9,520.00
T9,520.00
C*
NATM
PBkofamerica Mobile
LDeposit
^
D10/ 5'20
U-27.06
T-27.06
C*
PWawa
MPURCHASE 10/23 CINNAMINSON NJ CARD 1294
LPersonal
^
D10/ 5'20
U-43.00
T-43.00
C*
PWawa
MPURCHASE 10/23 CINNAMINSON NJ CARD 1294
LAuto & Transportation:Fuel & Gas
^
D10/ 5'20
U-6.81
T-6.81
C*
PWawa
MPURCHASE 10/23 CINNAMINSON NJ CARD 1294
LPersonal
^
D10/ 5'20
U-24.00
T-24.00
C*
PWawa
MPURCHASE 10/23 CINNAMINSON NJ CARD 1294
LPersonal
^
D10/ 6'20
U3,640.00
T3,640.00
C*
NATM
PBkofamerica Mobile
LDeposit
^
D10/ 6'20
U5,000.00
T5,000.00
C*
NATM
PBkofamerica Mobile
LDeposit
^
D10/ 6'20
U-33.08
T-33.08
C*
PWawa
MPURCHASE 10/23 CINNAMINSON NJ CARD 1294
LAuto & Transportation:Fuel & Gas
^
D10/ 6'20
U-30.55
T-30.55
C*
PWawa
MPURCHASE 10/23 CINNAMINSON NJ CARD 1294
LAuto & Transportation:Fuel & Gas
^
D10/ 7'20
U-29.83
T-29.83
C*
PAdvance Auto Parts
LAuto & Transportation:Parts & Service
^
D10/ 7'20
U-22.14
T-22.14
C*
PFamily Dollar
LPersonal
^
D10/ 7'20
U-232.44
T-232.44
C*
PAuxiliary Service Purc
LConstruction Supplies
^
D10/ 7'20
U-4,699.75
T-4,699.75
C*
PAuxiliary Service Purc
LConstruction Supplies
^
D10/ 7'20
U-23.00
T-23.00
C*
PWawa
MPURCHASE 10/23 CINNAMINSON NJ CARD 1294
LPersonal
^
D10/ 8'20
U-54.54
T-54.54
C*
PAuxiliary Service Purc
LConstruction Supplies
^
D10/ 8'20
U-11.25
T-11.25
C*
PWawa
MPURCHASE 10/23 CINNAMINSON NJ CARD 1294
LPersonal
^
D10/ 8'20
U-20,000.00
T-20,000.00
C*
N1276
PFdr Contractor
LSubcontractors
^
D10/ 9'20
U3,000.00
T3,000.00
C*
NATM
PBkofamerica Mobile
LDeposit
^
D10/ 9'20
U-52.88
T-52.88
C*
PWawa
MPURCHASE 10/23 CINNAMINSON NJ CARD 1294
LAuto & Transportation:Fuel & Gas
^
D10/ 9'20
U-34.50
T-34.50
C*
PDsi Philly Parking
LAuto & Transportation:Parking
^
D10/ 9'20
U-1,754.00
T-1,754.00
C*
N1277
PState Workers Insurance Fund
LInsurance
^
D10/ 9'20
U-3,000.00
T-3,000.00
C*
N1278
PAe Carpenters
LLabor
^
D10/13'20
U41.67
T41.67
C*
NATM
PHome Depot Refund
LDeposit
^
D10/13'20
U5,000.00
T5,000.00
C*
NATM
PBkofamerica ATM
LDeposit
^
D10/13'20
U10,200.00
T10,200.00
C*
NATM
PBkofamerica ATM
LDeposit
^
D10/13'20
U20,000.00
T20,000.00
C*
NATM
PBkofamerica Mobile
LDeposit
^
D10/13'20
U-97.14
T-97.14
C*
PHome Depot
MPURCHASE 10/14 PHILADELPHIA PA CARD 5592
LConstruction Supplies
^
D10/13'20
U-177.48
T-177.48
C*
PLowe's
MPURCHASE 09/17 PHILADELPHIA PA CARD 1294
LConstruction Supplies
^
D10/13'20
U-215.79
T-215.79
C*
PHome Depot
MPURCHASE 10/14 PHILADELPHIA PA CARD 5592
LConstruction Supplies
^
D10/13'20
U-41.09
T-41.09
C*
PWawa
MPURCHASE 10/23 CINNAMINSON NJ CARD 1294
LAuto & Transportation:Fuel & Gas
^
D10/13'20
U-80.21
T-80.21
C*
PHome Depot
MPURCHASE 10/14 PHILADELPHIA PA CARD 5592
LConstruction Supplies
^
D10/13'20
U-29.00
T-29.00
C*
PWawa
MPURCHASE 10/23 CINNAMINSON NJ CARD 1294
LPersonal
^
D10/14'20
U-465.72
T-465.72
C*
PPort Fhf
LInsurance
^
D10/14'20
U-26.00
T-26.00
C*
PWawa
MPURCHASE 10/23 CINNAMINSON NJ CARD 1294
LPersonal
^
D10/15'20
U-39.74
T-39.74
C*
PWawa
MPURCHASE 10/23 CINNAMINSON NJ CARD 1294
LAuto & Transportation:Fuel & Gas
^
D10/15'20
U-35,700.00
T-35,700.00
C*
N1280
PLifetime Contractor
LSubcontractors
^
D10/16'20
U-2,037.28
T-2,037.28
C*
PT C Leasing
LConstruction Supplies
^
D10/19'20
U12,670.00
T12,670.00
C*
NATM
PBkofamerica ATM
LDeposit
^
D10/19'20
U-149.97
T-149.97
C*
PHome Depot
MPURCHASE 10/14 PHILADELPHIA PA CARD 5592
LConstruction Supplies
^
D10/20'20
U8,000.00
T8,000.00
C*
NATM
PBkofamerica ATM
LDeposit
^
D10/20'20
U-47.01
T-47.01
C*
PWawa
MPURCHASE 10/23 CINNAMINSON NJ CARD 1294
LAuto & Transportation:Fuel & Gas
^
D10/21'20
U-91.52
T-91.52
C*
PHome Depot
MPURCHASE 10/14 PHILADELPHIA PA CARD 5592
LConstruction Supplies
^
D10/22'20
U-25.51
T-25.51
C*
PWawa
MPURCHASE 10/23 CINNAMINSON NJ CARD 1294
LPersonal
^
D10/22'20
U-15,000.00
T-15,000.00
C*
N1282
PLifetime Contractor
LSubcontractors
^
D10/23'20
U5.10
T5.10
C*
NATM
PAuxiliary Service Refu
LDeposit
^
D10/23'20
U5,500.00
T5,500.00
C*
NATM
PBkofamerica ATM
LDeposit
^
D10/23'20
U-15.97
T-15.97
C*
PLowe's
MPURCHASE 09/17 PHILADELPHIA PA CARD 1294
LConstruction Supplies
^
D10/23'20
U-27.42
T-27.42
C*
PHome Depot
MPURCHASE 10/14 PHILADELPHIA PA CARD 5592
LConstruction Supplies
^
D10/23'20
U-31.56
T-31.56
C*
PWawa
MPURCHASE 10/23 CINNAMINSON NJ CARD 1294
LAuto & Transportation:Fuel & Gas
^
D10/23'20
U-560.80
T-560.80
C*
PAuxiliary Service Purc
LConstruction Supplies
^
D10/23'20
U-34.00
T-34.00
C*
PWawa
MPURCHASE 10/23 CINNAMINSON NJ CARD 1294
LAuto & Transportation:Fuel & Gas
^
D10/26'20
U-36.69
T-36.69
C*
PWawa
MPURCHASE 10/23 CINNAMINSON NJ CARD 1294
LAuto & Transportation:Fuel & Gas
^
D10/26'20
U-37.20
T-37.20
C*
PHome Depot
MPURCHASE 10/14 PHILADELPHIA PA CARD 5592
LConstruction Supplies
^
D10/26'20
U-35.57
T-35.57
C*
PWawa
MPURCHASE 10/23 CINNAMINSON NJ CARD 1294
LAuto & Transportation:Fuel & Gas
^
D10/26'20
U-7,500.00
T-7,500.00
C*
N1283
PLifetime Contractor
LSubcontractors
^
D10/27'20
U-14.78
T-14.78
C*
PHome Depot
MPURCHASE 10/14 PHILADELPHIA PA CARD 5592
LConstruction Supplies
^
D10/27'20
U-23.47
T-23.47
C*
PWawa
MPURCHASE 10/23 CINNAMINSON NJ CARD 1294
LPersonal
^
D10/28'20
U-24.00
T-24.00
C*
PWawa
MPURCHASE 10/23 CINNAMINSON NJ CARD 1294
LPersonal
^
D10/29'20
U-9.74
T-9.74
C*
PWawa
MPURCHASE 10/23 CINNAMINSON NJ CARD 1294
LPersonal
^
D10/30'20
U18,600.00
T18,600.00
C*
NATM
PBkofamerica ATM
LDeposit
^
D10/30'20
U20,800.00
T20,800.00
C*
NATM
PBkofamerica ATM
LDeposit
^
D10/30'20
U-56.30
T-56.30
C*
PHome Depot
MPURCHASE 10/14 PHILADELPHIA PA CARD 5592
LConstruction Supplies
^
D10/30'20
U-29.00
T-29.00
C*
PWawa
MPURCHASE 10/23 CINNAMINSON NJ CARD 1294
LPersonal
^
D11/ 2'20
U-29.95
T-29.95
C*
PAccount Maintenance Fee
LBank Charge
^
D11/ 2'20
U-19.13
T-19.13
C*
PAuxiliary Service Purc
LConstruction Supplies
^
D11/ 2'20
U-27.55
T-27.55
C*
PWawa
MPURCHASE 10/23 CINNAMINSON NJ CARD 1294
LPersonal
^
D11/ 2'20
U-85.24
T-85.24
C*
PHome Depot
MPURCHASE 11/25 PHILADELPHIA PA CARD 5592
LConstruction Supplies
^
D11/ 3'20
U-10.41
T-10.41
C*
PWawa
MPURCHASE 10/23 CINNAMINSON NJ CARD 1294
LPersonal
^
D11/ 4'20
U-2,973.00
T-2,973.00
C*
N1281
PUs Department Of Labor Occupational Safety Heatlh Administratio
LOsha
^
D11/ 5'20
U-24.00
T-24.00
C*
PWawa
MPURCHASE 10/23 CINNAMINSON NJ CARD 1294
LPersonal
^
D11/ 5'20
U-38,000.00
T-38,000.00
C*
N1284
PLifetime Contractor
LSubcontractors
^
D11/ 6'20
U15,000.00
T15,000.00
C*
NATM
PBkofamerica Mobile
LDeposit
^
D11/ 6'20
U-10.39
T-10.39
C*
PWawa
MPURCHASE 10/23 CINNAMINSON NJ CARD 1294
LPersonal
^
D11/ 6'20
U-35.41
T-35.41
C*
PWawa
MPURCHASE 10/23 CINNAMINSON NJ CARD 1294
LAuto & Transportation:Fuel & Gas
^
D11/ 9'20
U-35.25
T-35.25
C*
PWawa
MPURCHASE 10/23 CINNAMINSON NJ CARD 1294
LAuto & Transportation:Fuel & Gas
^
D11/ 9'20
U-22.82
T-22.82
C*
PWawa
MPURCHASE 10/23 CINNAMINSON NJ CARD 1294
LPersonal
^
D11/ 9'20
U-37.50
T-37.50
C*
PWawa
MPURCHASE 10/23 CINNAMINSON NJ CARD 1294
LAuto & Transportation:Fuel & Gas
^
D11/ 9'20
U-7,000.00
T-7,000.00
C*
N1286
PAlexandro c Da Silva
LSubcontractors
^
D11/ 9'20
U-6,000.00
T-6,000.00
C*
N1287
PLifetime Contractor
LSubcontractors
^
D11/10'20
U-148.62
T-148.62
C*
PHome Depot
MPURCHASE 11/25 PHILADELPHIA PA CARD 5592
LConstruction Supplies
^
D11/10'20
U-20.56
T-20.56
C*
PWawa
MPURCHASE 10/23 CINNAMINSON NJ CARD 1294
LPersonal
^
D11/12'20
U-22.04
T-22.04
C*
PBp
LPersonal
^
D11/12'20
U-16.81
T-16.81
C*
PWawa
MPURCHASE 10/23 CINNAMINSON NJ CARD 1294
LPersonal
^
D11/13'20
U5,200.00
T5,200.00
C*
NATM
PBkofamerica ATM
LDeposit
^
D11/13'20
U34,453.00
T34,453.00
C*
NATM
PBkofamerica ATM
LDeposit
^
D11/13'20
U-465.72
T-465.72
C*
PPort Fhf
LInsurance
^
D11/13'20
U-59.55
T-59.55
C*
PHome Depot
MPURCHASE 11/25 PHILADELPHIA PA CARD 5592
LConstruction Supplies
^
D11/16'20
U2,900.00
T2,900.00
C*
NATM
PBkofamerica Mobile
LDeposit
^
D11/16'20
U10,000.00
T10,000.00
C*
NATM
PBkofamerica Mobile
LDeposit
^
D11/16'20
U11,123.00
T11,123.00
C*
NATM
PBkofamerica ATM
LDeposit
^
D11/16'20
U-2,037.28
T-2,037.28
C*
PT C Leasing
LConstruction Supplies
^
D11/16'20
U-42.11
T-42.11
C*
PC R Buildi
MPURCHASE 10/19 PHILADELPHIA PA CARD 5592
LConstruction Supplies
^
D11/16'20
U-24.84
T-24.84
C*
PWawa
MPURCHASE 10/23 CINNAMINSON NJ CARD 1294
LPersonal
^
D11/16'20
U-8.08
T-8.08
C*
PWawa
MPURCHASE 10/23 CINNAMINSON NJ CARD 1294
LPersonal
^
D11/16'20
U-1,700.00
T-1,700.00
C*
N1285
PLifetime Contractor
LSubcontractors
^
D11/16'20
U-42,000.00
T-42,000.00
C*
N1288
PLifetime Contractor
LSubcontractors
^
D11/16'20
U-8,000.00
T-8,000.00
C*
N1289
PLifetime Contractor
LSubcontractors
^
D11/17'20
U-23.36
T-23.36
C*
PWawa
MPURCHASE 10/23 CINNAMINSON NJ CARD 1294
LPersonal
^
D11/17'20
U-34.67
T-34.67
C*
PWawa
MPURCHASE 10/23 CINNAMINSON NJ CARD 1294
LAuto & Transportation:Fuel & Gas
^
D11/17'20
U-24.79
T-24.79
C*
PWawa
MPURCHASE 10/23 CINNAMINSON NJ CARD 1294
LPersonal
^
D11/17'20
U-6,757.00
T-6,757.00
C*
N1290
PAlexandro c Da Silva
LSubcontractors
^
D11/17'20
U-3,000.00
T-3,000.00
C*
N1291
PAlexandro c Da Silva
LSubcontractors
^
D11/18'20
U-15.98
T-15.98
C*
PWawa
MPURCHASE 10/23 CINNAMINSON NJ CARD 1294
LPersonal
^
D11/19'20
U-22.90
T-22.90
C*
PWawa
MPURCHASE 10/23 CINNAMINSON NJ CARD 1294
LPersonal
^
D11/20'20
U-23.22
T-23.22
C*
PWawa
MPURCHASE 10/23 CINNAMINSON NJ CARD 1294
LPersonal
^
D11/20'20
U-36.46
T-36.46
C*
PWawa
MPURCHASE 10/23 CINNAMINSON NJ CARD 1294
LAuto & Transportation:Fuel & Gas
^
D11/23'20
U30,000.00
T30,000.00
C*
NATM
PBkofamerica ATM
LDeposit
^
D11/23'20
U-25.00
T-25.00
C*
PWawa
MPURCHASE 10/23 CINNAMINSON NJ CARD 1294
LPersonal
^
D11/23'20
U-10.36
T-10.36
C*
PWawa
MPURCHASE 10/23 CINNAMINSON NJ CARD 1294
LPersonal
^
D11/24'20
U-31.61
T-31.61
C*
PWawa
MPURCHASE 10/23 CINNAMINSON NJ CARD 1294
LAuto & Transportation:Fuel & Gas
^
D11/25'20
U-24.05
T-24.05
C*
PWawa
MPURCHASE 10/23 CINNAMINSON NJ CARD 1294
LPersonal
^
D11/25'20
U-14.12
T-14.12
C*
PWawa
MPURCHASE 10/23 CINNAMINSON NJ CARD 1294
LPersonal
^
D11/27'20
U28,000.00
T28,000.00
C*
NATM
PBkofamerica ATM
LDeposit
^
D11/27'20
U-64.76
T-64.76
C*
PHome Depot
MPURCHASE 11/25 PHILADELPHIA PA CARD 5592
LConstruction Supplies
^
D11/27'20
U-29.00
T-29.00
C*
PWawa
MPURCHASE 10/23 CINNAMINSON NJ CARD 1294
LPersonal
^
D11/30'20
U-16.50
T-16.50
C*
PWawa
MPURCHASE 10/23 CINNAMINSON NJ CARD 1294
LPersonal
^
D11/30'20
U-31.99
T-31.99
C*
PAuxiliary Service Purc
LConstruction Supplies
^
D12/ 1'20
U-8.23
T-8.23
C*
PWawa
MPURCHASE 12/02 ROYERSFORD PA CARD 1294
LPersonal
^
D12/ 1'20
U-23,000.00
T-23,000.00
C*
N1292
PLifetime Contractor
LSubcontractors
^
D12/ 2'20
U-467.23
T-467.23
C*
PAuxiliary Service Purc
LConstruction Supplies
^
D12/ 2'20
U-20.00
T-20.00
C*
PWawa
MPURCHASE 12/02 ROYERSFORD PA CARD 1294
LPersonal
^
D12/ 2'20
U-30,000.00
T-30,000.00
C*
N1293
PPine Contractor
LSubcontractors
^
D12/ 3'20
U-122.15
T-122.15
C*
PHome Depot
MPURCHASE 11/25 PHILADELPHIA PA CARD 5592
LConstruction Supplies
^
D12/ 3'20
U-213.04
T-213.04
C*
PAuxiliary Service Purc
LConstruction Supplies
^
D12/ 3'20
U-40.11
T-40.11
C*
PWawa
MPURCHASE 12/02 ROYERSFORD PA CARD 1294
LAuto & Transportation:Fuel & Gas
^
D12/ 4'20
U-29.40
T-29.40
C*
PWawa
MPURCHASE 12/02 ROYERSFORD PA CARD 1294
LPersonal
^
D12/ 4'20
U-24.25
T-24.25
C*
PWawa
MPURCHASE 12/02 ROYERSFORD PA CARD 1294
LPersonal
^
D12/ 7'20
U-26.97
T-26.97
C*
PWawa
MPURCHASE 12/02 ROYERSFORD PA CARD 1294
LPersonal
^
D12/ 7'20
U-11.75
T-11.75
C*
PWawa
MPURCHASE 12/02 ROYERSFORD PA CARD 1294
LPersonal
^
D12/ 8'20
U-150.20
T-150.20
C*
PAuxiliary Service Purc
LConstruction Supplies
^
D12/ 8'20
U-37.76
T-37.76
C*
PWawa
MPURCHASE 12/02 ROYERSFORD PA CARD 1294
LAuto & Transportation:Fuel & Gas
^
D12/ 8'20
U-34.28
T-34.28
C*
PWawa
MPURCHASE 12/02 ROYERSFORD PA CARD 1294
LAuto & Transportation:Fuel & Gas
^
D12/ 9'20
U-105.56
T-105.56
C*
PHome Depot
MPURCHASE 11/25 PHILADELPHIA PA CARD 5592
LConstruction Supplies
^
D12/ 9'20
U-23.27
T-23.27
C*
PWawa
MPURCHASE 12/02 ROYERSFORD PA CARD 1294
LPersonal
^
D12/ 9'20
U-37.28
T-37.28
C*
PWawa
MPURCHASE 12/02 ROYERSFORD PA CARD 1294
LAuto & Transportation:Fuel & Gas
^
D12/ 9'20
U-31.07
T-31.07
C*
PWawa
MPURCHASE 12/02 ROYERSFORD PA CARD 1294
LAuto & Transportation:Fuel & Gas
^
D12/10'20
U-26.24
T-26.24
C*
PWawa
MPURCHASE 12/02 ROYERSFORD PA CARD 1294
LPersonal
^
D12/10'20
U-53.95
T-53.95
C*
PAuxiliary Service Purc
LConstruction Supplies
^
D12/11'20
U7,000.00
T7,000.00
C*
NATM
PBkofamerica Mobile
LDeposit
^
D12/11'20
U-84.92
T-84.92
C*
PHome Depot
MPURCHASE 11/25 PHILADELPHIA PA CARD 5592
LConstruction Supplies
^
D12/14'20
U1,000.00
T1,000.00
C*
NATM
PBkofamerica Mobile
LDeposit
^
D12/14'20
U1,200.00
T1,200.00
C*
NATM
PBkofamerica Mobile
LDeposit
^
D12/14'20
U-465.72
T-465.72
C*
PPort Fhf
LInsurance
^
D12/14'20
U-180.32
T-180.32
C*
PHome Depot
MPURCHASE 11/25 PHILADELPHIA PA CARD 5592
LConstruction Supplies
^
D12/14'20
U-51.12
T-51.12
C*
PHome Depot
MPURCHASE 11/25 PHILADELPHIA PA CARD 5592
LConstruction Supplies
^
D12/14'20
U-166.18
T-166.18
C*
PHome Depot
MPURCHASE 11/25 PHILADELPHIA PA CARD 5592
LConstruction Supplies
^
D12/14'20
U-15.00
T-15.00
C*
PWawa
MPURCHASE 12/02 ROYERSFORD PA CARD 1294
LPersonal
^
D12/14'20
U-30.42
T-30.42
C*
PWawa
MPURCHASE 12/02 ROYERSFORD PA CARD 1294
LAuto & Transportation:Fuel & Gas
^
D12/14'20
U-10,000.00
T-10,000.00
C*
N1297
PPine Contractor
LSubcontractors
^
D12/15'20
U-37.96
T-37.96
C*
PWawa
MPURCHASE 12/02 ROYERSFORD PA CARD 1294
LAuto & Transportation:Fuel & Gas
^
D12/15'20
U-12.62
T-12.62
C*
PWawa
MPURCHASE 12/02 ROYERSFORD PA CARD 1294
LPersonal
^
D12/16'20
U-2,037.28
T-2,037.28
C*
PT C Leasing
LConstruction Supplies
^
D12/16'20
U-41.73
T-41.73
C*
PWawa
MPURCHASE 12/02 ROYERSFORD PA CARD 1294
LAuto & Transportation:Fuel & Gas
^
D12/17'20
U-375.80
T-375.80
C*
PHome Depot
MPURCHASE 11/25 PHILADELPHIA PA CARD 5592
LConstruction Supplies
^
D12/17'20
U-131.93
T-131.93
C*
PHome Depot
MPURCHASE 11/25 PHILADELPHIA PA CARD 5592
LConstruction Supplies
^
D12/18'20
U15,892.00
T15,892.00
C*
NATM
PBkofamerica Mobile
LDeposit
^
D12/18'20
U20,000.00
T20,000.00
C*
NATM
PBkofamerica Mobile
LDeposit
^
D12/18'20
U-111.94
T-111.94
C*
PVioc Ba Delra
LAuto & Transportation
^
D12/18'20
U-25.95
T-25.95
C*
PWawa
MPURCHASE 12/02 ROYERSFORD PA CARD 1294
LPersonal
^
D12/21'20
U-47.00
T-47.00
C*
PWawa
MPURCHASE 12/02 ROYERSFORD PA CARD 1294
LAuto & Transportation:Fuel & Gas
^
D12/21'20
U-9.10
T-9.10
C*
N1295
PPam Pa Turnpike
LAuto & Transportation:Tolls
^
D12/21'20
U-11.50
T-11.50
C*
N1296
PPam Pa Turnpike
LAuto & Transportation:Tolls
^
D12/21'20
U-16,400.00
T-16,400.00
C*
N1299
PPine Contractor
LSubcontractors
^
D12/21'20
U-15,000.00
T-15,000.00
C*
N1300
PPine Contractor
LSubcontractors
^
D12/22'20
U-28.25
T-28.25
C*
PWawa
MPURCHASE 12/02 ROYERSFORD PA CARD 1294
LPersonal
^
D12/23'20
U-14.56
T-14.56
C*
PWawa
MPURCHASE 12/02 ROYERSFORD PA CARD 1294
LPersonal
^
D12/24'20
U-1,994.52
T-1,994.52
C*
PNorris Sales Cnp
LAuto & Transportation
^
D12/24'20
U-15.00
T-15.00
C*
PWawa
MPURCHASE 12/02 ROYERSFORD PA CARD 1294
LPersonal
^
D12/28'20
U-13.59
T-13.59
C*
P7-Eleven
MPURCHASE 03/05 PHILADELPHIA PA CARD 1294
LPersonal
^
D12/29'20
U-31.80
T-31.80
C*
PSunoco
MPURCHASE 08/25 PHILADELPHIA PA CARD 5592
LPersonal
^
D12/29'20
U-45.78
T-45.78
C*
PWawa
MPURCHASE 12/02 ROYERSFORD PA CARD 1294
LAuto & Transportation:Fuel & Gas
^
D12/29'20
U-37.00
T-37.00
C*
PWawa
MPURCHASE 12/02 ROYERSFORD PA CARD 1294
LAuto & Transportation:Fuel & Gas
^
D12/30'20
U-25.84
T-25.84
C*
PWawa
MPURCHASE 12/02 ROYERSFORD PA CARD 1294
LPersonal
^
D12/31'20
U-82.00
T-82.00
C*
PHome Depot
MPURCHASE 11/25 PHILADELPHIA PA CARD 5592
LConstruction Supplies
^
D12/31'20
U-40.01
T-40.01
C*
PWawa
MPURCHASE 12/02 ROYERSFORD PA CARD 1294
LAuto & Transportation:Fuel & Gas
^
D1/ 4'21
U-29.95
T-29.95
C*
PAccount Maintenance Fee
LBank Charge
^
D1/ 4'21
U-26.36
T-26.36
C*
PHome Depot
MPURCHASE 02/16 PHILADELPHIA PA CARD 5592
LConstruction Supplies
^
D1/ 5'21
U-155.98
T-155.98
C*
PNorris Sales Cnp
LAuto & Transportation
^
D1/ 5'21
U-141.79
T-141.79
C*
PNorris Sales Cnp
LAuto & Transportation
^
D1/ 5'21
U-28.84
T-28.84
C*
PNorris Sales Cnp
LPersonal
^
D1/ 5'21
U-25.46
T-25.46
C*
PWawa
MPURCHASE 12/02 ROYERSFORD PA CARD 1294
LPersonal
^
D1/ 6'21
U-10.53
T-10.53
C*
PLowe's
MPURCHASE 09/17 PHILADELPHIA PA CARD 1294
LConstruction Supplies
^
D1/ 6'21
U-301.84
T-301.84
C*
PAuxiliary Service Purc
LConstruction Supplies
^
D1/ 6'21
U-60.00
T-60.00
C*
PWawa
MPURCHASE 12/02 ROYERSFORD PA CARD 1294
LAuto & Transportation:Fuel & Gas
^
D1/ 7'21
U-105.90
T-105.90
C*
PAuxiliary Service Purc
LConstruction Supplies
^
D1/ 7'21
U-13.90
T-13.90
C*
PWawa
MPURCHASE 12/02 ROYERSFORD PA CARD 1294
LPersonal
^
D1/ 7'21
U-31.01
T-31.01
C*
PWawa
MPURCHASE 12/02 ROYERSFORD PA CARD 1294
LAuto & Transportation:Fuel & Gas
^
D1/ 8'21
U-23.78
T-23.78
C*
PWawa
MPURCHASE 12/02 ROYERSFORD PA CARD 1294
LPersonal
^
D1/ 8'21
U-22.41
T-22.41
C*
PWawa
MPURCHASE 12/02 ROYERSFORD PA CARD 1294
LPersonal
^
D1/11'21
U-23.45
T-23.45
C*
PAuxiliary Service Purc
LConstruction Supplies
^
D1/11'21
U-278.27
T-278.27
C*
PAuxiliary Service Purc
LConstruction Supplies
^
D1/11'21
U-21.00
T-21.00
C*
PWawa
MPURCHASE 12/02 ROYERSFORD PA CARD 1294
LPersonal
^
D1/11'21
U-25.40
T-25.40
C*
PWawa
MPURCHASE 12/02 ROYERSFORD PA CARD 1294
LPersonal
^
D1/12'21
U-465.72
T-465.72
C*
PPort Fhf
LInsurance
^
D1/12'21
U-31.35
T-31.35
C*
PWawa
MPURCHASE 12/02 ROYERSFORD PA CARD 1294
LAuto & Transportation:Fuel & Gas
^
D1/15'21
U-32.00
T-32.00
C*
PWawa
MPURCHASE 12/02 ROYERSFORD PA CARD 1294
LAuto & Transportation:Fuel & Gas
^
D1/19'21
U1,500.00
T1,500.00
C*
NATM
PBkofamerica Mobile
LDeposit
^
D1/19'21
U9,000.00
T9,000.00
C*
NATM
PBkofamerica Mobile
LDeposit
^
D1/19'21
U-2,037.28
T-2,037.28
C*
PT C Leasing
LConstruction Supplies
^
D1/19'21
U-26.85
T-26.85
C*
PHome Depot
MPURCHASE 02/16 PHILADELPHIA PA CARD 5592
LConstruction Supplies
^
D1/19'21
U-36.00
T-36.00
C*
PWawa
MPURCHASE 12/02 ROYERSFORD PA CARD 1294
LAuto & Transportation:Fuel & Gas
^
D1/20'21
U-26.00
T-26.00
C*
PWawa
MPURCHASE 12/02 ROYERSFORD PA CARD 1294
LPersonal
^
D1/21'21
U-45.41
T-45.41
C*
POrder
LBank Charge
^
D1/21'21
U-790.15
T-790.15
C*
PHome Depot
MPURCHASE 02/16 PHILADELPHIA PA CARD 5592
LConstruction Supplies
^
D1/21'21
U-71.41
T-71.41
C*
PAuxiliary Service Purc
LConstruction Supplies
^
D1/22'21
U10,000.00
T10,000.00
C*
NATM
PBkofamerica Mobile
LDeposit
^
D1/22'21
U10,000.00
T10,000.00
C*
NATM
PBkofamerica Mobile
LDeposit
^
D1/22'21
U-29.00
T-29.00
C*
PWawa
MPURCHASE 12/02 ROYERSFORD PA CARD 1294
LPersonal
^
D1/22'21
U-14.36
T-14.36
C*
PWawa
MPURCHASE 12/02 ROYERSFORD PA CARD 1294
LPersonal
^
D1/25'21
U-25,000.00
T-25,000.00
C*
N1302
PPine Contractor
LSubcontractors
^
D1/26'21
U-40.51
T-40.51
C*
PWawa
MPURCHASE 12/02 ROYERSFORD PA CARD 1294
LAuto & Transportation:Fuel & Gas
^
D1/27'21
U-1,982.00
T-1,982.00
C*
N1294
PUs Department Of Labor Occupational Safety Heatlh Administratio
LOsha
^
D1/28'21
U-14.19
T-14.19
C*
PWawa
MPURCHASE 12/02 ROYERSFORD PA CARD 1294
LPersonal
^
D1/28'21
U-44.30
T-44.30
C*
PWawa
MPURCHASE 12/02 ROYERSFORD PA CARD 1294
LAuto & Transportation:Fuel & Gas
^
D1/29'21
U25,000.00
T25,000.00
C*
NATM
PBkofamerica ATM
LDeposit
^
D1/29'21
U-12.07
T-12.07
C*
PRidge Gas Mini
LPersonal
^
D1/29'21
U-341.39
T-341.39
C*
PAuxiliary Service Purc
LConstruction Supplies
^
D1/29'21
U-23.37
T-23.37
C*
PWawa
MPURCHASE 12/02 ROYERSFORD PA CARD 1294
LPersonal
^
D2/ 1'21
U-29.95
T-29.95
C*
PAccount Maintenance Fee
LBank Charge
^
D2/ 1'21
U-33.00
T-33.00
C*
PRodriguez Groc Ph
LPersonal
^
D2/ 1'21
U-23.25
T-23.25
C*
PWawa
MPURCHASE 12/02 ROYERSFORD PA CARD 1294
LPersonal
^
D2/ 1'21
U-28.70
T-28.70
C*
PWawa
MPURCHASE 12/02 ROYERSFORD PA CARD 1294
LPersonal
^
D2/ 2'21
U-24,000.00
T-24,000.00
C*
N1303
PPine Contractor
LSubcontractors
^
D2/ 3'21
U-20.09
T-20.09
C*
PWawa
MPURCHASE 12/02 ROYERSFORD PA CARD 1294
LPersonal
^
D2/ 4'21
U-67.99
T-67.99
C*
PHome Depot
MPURCHASE 02/16 PHILADELPHIA PA CARD 5592
LConstruction Supplies
^
D2/ 4'21
U-13.03
T-13.03
C*
PHome Depot
MPURCHASE 02/16 PHILADELPHIA PA CARD 5592
LConstruction Supplies
^
D2/ 4'21
U-24.80
T-24.80
C*
PWawa
MPURCHASE 12/02 ROYERSFORD PA CARD 1294
LPersonal
^
D2/ 5'21
U-20.77
T-20.77
C*
PWawa
MPURCHASE 12/02 ROYERSFORD PA CARD 1294
LPersonal
^
D2/ 8'21
U3,854.00
T3,854.00
C*
NATM
PBkofamerica Mobile
LDeposit
^
D2/ 8'21
U4,585.00
T4,585.00
C*
NATM
PBkofamerica Mobile
LDeposit
^
D2/ 8'21
U-23.27
T-23.27
C*
PWawa
MPURCHASE 12/02 ROYERSFORD PA CARD 1294
LPersonal
^
D2/ 8'21
U-1.05
T-1.05
C*
PWawa
MPURCHASE 12/02 ROYERSFORD PA CARD 1294
LPersonal
^
D2/ 8'21
U-1.01
T-1.01
C*
PWawa
MPURCHASE 12/02 ROYERSFORD PA CARD 1294
LPersonal
^
D2/ 8'21
U-24.16
T-24.16
C*
PWawa
MPURCHASE 12/02 ROYERSFORD PA CARD 1294
LPersonal
^
D2/ 9'21
U-14.60
T-14.60
C*
PWawa
MPURCHASE 12/02 ROYERSFORD PA CARD 1294
LPersonal
^
D2/ 9'21
U-43.10
T-43.10
C*
PWawa
MPURCHASE 12/02 ROYERSFORD PA CARD 1294
LAuto & Transportation:Fuel & Gas
^
D2/10'21
U-40.00
T-40.00
C*
PWawa
MPURCHASE 12/02 ROYERSFORD PA CARD 1294
LAuto & Transportation:Fuel & Gas
^
D2/11'21
U-43.16
T-43.16
C*
PLowe's
MPURCHASE 09/17 PHILADELPHIA PA CARD 1294
LConstruction Supplies
^
D2/11'21
U-15.41
T-15.41
C*
PWawa
MPURCHASE 12/02 ROYERSFORD PA CARD 1294
LPersonal
^
D2/11'21
U-14.94
T-14.94
C*
PWawa
MPURCHASE 12/02 ROYERSFORD PA CARD 1294
LPersonal
^
D2/11'21
U-28.92
T-28.92
C*
PWawa
MPURCHASE 12/02 ROYERSFORD PA CARD 1294
LPersonal
^
D2/12'21
U15,000.00
T15,000.00
C*
NATM
PBkofamerica Mobile
LDeposit
^
D2/12'21
U16,700.00
T16,700.00
C*
NATM
PBkofamerica Mobile
LDeposit
^
D2/12'21
U-465.72
T-465.72
C*
PPort Fhf
LInsurance
^
D2/12'21
U-63.47
T-63.47
C*
PHome Depot
MPURCHASE 02/16 PHILADELPHIA PA CARD 5592
LConstruction Supplies
^
D2/12'21
U-172.20
T-172.20
C*
PAuxiliary Service Purc
LConstruction Supplies
^
D2/16'21
U-2,037.28
T-2,037.28
C*
PT C Leasing
LConstruction Supplies
^
D2/16'21
U-484.24
T-484.24
C*
PHome Depot
MPURCHASE 02/16 PHILADELPHIA PA CARD 5592
LConstruction Supplies
^
D2/16'21
U-719.77
T-719.77
C*
PAuxiliary Service Purc
LConstruction Supplies
^
D2/16'21
U-25.64
T-25.64
C*
PWawa
MPURCHASE 12/02 ROYERSFORD PA CARD 1294
LPersonal
^
D2/16'21
U-28.64
T-28.64
C*
PHome Depot
MPURCHASE 02/16 PHILADELPHIA PA CARD 5592
LConstruction Supplies
^
D2/16'21
U-25.25
T-25.25
C*
PWawa
MPURCHASE 12/02 ROYERSFORD PA CARD 1294
LPersonal
^
D2/17'21
U-20.61
T-20.61
C*
PWawa
MPURCHASE 12/02 ROYERSFORD PA CARD 1294
LPersonal
^
D2/17'21
U-36,000.00
T-36,000.00
C*
N1304
PPine Contractor
LSubcontractors
^
D2/18'21
U15,000.00
T15,000.00
C*
NATM
PBkofamerica ATM
LDeposit
^
D2/18'21
U-20.33
T-20.33
C*
PWawa
MPURCHASE 12/02 ROYERSFORD PA CARD 1294
LPersonal
^
D2/19'21
U9,000.00
T9,000.00
C*
NATM
PBkofamerica Mobile
LDeposit
^
D2/19'21
U-26.25
T-26.25
C*
PHome Depot
MPURCHASE 02/16 PHILADELPHIA PA CARD 5592
LConstruction Supplies
^
D2/19'21
U-75.31
T-75.31
C*
PHome Depot
MPURCHASE 02/16 PHILADELPHIA PA CARD 5592
LConstruction Supplies
^
D2/19'21
U-24.00
T-24.00
C*
PWawa
MPURCHASE 12/02 ROYERSFORD PA CARD 1294
LPersonal
^
D2/22'21
U4,554.00
T4,554.00
C*
NATM
PBkofamerica ATM
LDeposit
^
D2/22'21
U-984.70
T-984.70
C*
PEastern Lift Truck
LAuto & Transportation
^
D2/22'21
U-18.00
T-18.00
C*
PWawa
MPURCHASE 12/02 ROYERSFORD PA CARD 1294
LPersonal
^
D2/22'21
U-25,000.00
T-25,000.00
C*
N1305
PPine Contractor
LSubcontractors
^
D2/23'21
U-41.73
T-41.73
C*
PWawa
MPURCHASE 12/02 ROYERSFORD PA CARD 1294
LAuto & Transportation:Fuel & Gas
^
D2/24'21
U-6.00
T-6.00
C*
PGirard Auto Parts Inc
MPURCHASE 03/17 PHILADELPHIA PA CARD 5592
LAuto & Transportation:Parts & Service
^
D2/24'21
U-50.00
T-50.00
C*
PSunoco
MPURCHASE 01/06 PHILADELPHIA PA CARD 1294
LAuto & Transportation:Fuel & Gas
^
D2/25'21
U-57.50
T-57.50
C*
PHome Depot
MPURCHASE 02/16 PHILADELPHIA PA CARD 5592
LConstruction Supplies
^
D2/25'21
U-10.79
T-10.79
C*
PGirard Auto Parts Inc
MPURCHASE 03/17 PHILADELPHIA PA CARD 5592
LAuto & Transportation:Parts & Service
^
D2/25'21
U-33.00
T-33.00
C*
PWawa
MPURCHASE 12/02 ROYERSFORD PA CARD 1294
LAuto & Transportation:Fuel & Gas
^
D2/25'21
U-4,000.00
T-4,000.00
C*
N1306
PPine Contractor
LSubcontractors
^
D2/26'21
U16,600.00
T16,600.00
C*
NATM
PBkofamerica ATM
LDeposit
^
D2/26'21
U-600.00
T-600.00
C*
PZelle Transfer Conf
LLabor
^
D3/ 1'21
U-31.75
T-31.75
C*
PWawa
MPURCHASE 12/02 ROYERSFORD PA CARD 1294
LAuto & Transportation:Fuel & Gas
^
D3/ 1'21
U-45.26
T-45.26
C*
PWawa
MPURCHASE 12/02 ROYERSFORD PA CARD 1294
LAuto & Transportation:Fuel & Gas
^
D3/ 1'21
U-16,000.00
T-16,000.00
C*
N1307
PPine Contractor
LSubcontractors
^
D3/ 2'21
U-37.50
T-37.50
C*
PWawa
MPURCHASE 12/02 ROYERSFORD PA CARD 1294
LAuto & Transportation:Fuel & Gas
^
D3/ 3'21
U-147.81
T-147.81
C*
PAuxiliary Service Purc
LConstruction Supplies
^
D3/ 4'21
U2,915.00
T2,915.00
C*
NATM
PBkofamerica Mobile
LDeposit
^
D3/ 4'21
U-37.00
T-37.00
C*
PWawa
MPURCHASE 12/02 ROYERSFORD PA CARD 1294
LAuto & Transportation:Fuel & Gas
^
D3/ 5'21
U3,140.00
T3,140.00
C*
NATM
PBkofamerica Mobile
LDeposit
^
D3/ 5'21
U10,000.00
T10,000.00
C*
NATM
PBkofamerica Mobile
LDeposit
^
D3/ 5'21
U25,287.00
T25,287.00
C*
NATM
PBkofamerica Mobile
LDeposit
^
D3/ 5'21
U-20.00
T-20.00
C*
PPam Pa Turnpike
LAuto & Transportation:Tolls
^
D3/ 5'21
U-31.45
T-31.45
C*
PWawa
MPURCHASE 12/02 ROYERSFORD PA CARD 1294
LAuto & Transportation:Fuel & Gas
^
D3/ 5'21
U-44.00
T-44.00
C*
PWawa
MPURCHASE 12/02 ROYERSFORD PA CARD 1294
LAuto & Transportation:Fuel & Gas
^
D3/ 8'21
U-18.00
T-18.00
C*
PLas Esquina Del
LPersonal
^
D3/ 8'21
U-13.35
T-13.35
C*
PAuxiliary Service Purc
LConstruction Supplies
^
D3/ 8'21
U-442.81
T-442.81
C*
PAuxiliary Service Purc
LConstruction Supplies
^
D3/ 8'21
U-84.50
T-84.50
C*
PPhiladelphia Parking Authority
LAuto & Transportation:Parts & Service
^
D3/ 8'21
U-13,000.00
T-13,000.00
C*
N1308
POmega Project Llc
LConstruction Supplies
^
D3/ 8'21
U-2,000.00
T-2,000.00
C*
N1309
PPine Contractor
LSubcontractors
^
D3/ 8'21
U-23,000.00
T-23,000.00
C*
N1310
PPine Contractor
LSubcontractors
^
D3/ 9'21
U-60.56
T-60.56
C*
PWawa
MPURCHASE 12/02 ROYERSFORD PA CARD 1294
LAuto & Transportation:Fuel & Gas
^
D3/11'21
U3,500.00
T3,500.00
C*
NATM
PBkofamerica Mobile
LDeposit
^
D3/11'21
U-101.24
T-101.24
C*
PHome Depot
MPURCHASE 03/09 PHILADELPHIA PA CARD 1294
LConstruction Supplies
^
D3/11'21
U-27.51
T-27.51
C*
PWawa
MPURCHASE 03/29 OAKS PA CARD 5592
LPersonal
^
D3/12'21
U1,820.00
T1,820.00
C*
NATM
PBkofamerica Mobile
LDeposit
^
D3/12'21
U-465.72
T-465.72
C*
PFirst Help Finan
LInsurance
^
D3/12'21
U-28.18
T-28.18
C*
PWawa
MPURCHASE 03/29 OAKS PA CARD 5592
LPersonal
^
D3/15'21
U-29.66
T-29.66
C*
PHome Depot
MPURCHASE 03/09 PHILADELPHIA PA CARD 1294
LConstruction Supplies
^
D3/15'21
U-44.50
T-44.50
C*
PPhiladelphia Parking Authority
LAuto & Transportation:Parts & Service
^
D3/15'21
U-1,700.00
T-1,700.00
C*
N1312
PPine Contractor
LSubcontractors
^
D3/15'21
U-1,248.00
T-1,248.00
C*
N1313
PPine Contractor
LSubcontractors
^
D3/15'21
U-700.00
T-700.00
C*
N1314
PAlexandro c Da Silva
LPersonal
^
D3/16'21
U-2,037.28
T-2,037.28
C*
PT C Leasing
LConstruction Supplies
^
D3/16'21
U-15.00
T-15.00
C*
PBp Amoco
MPURCHASE 01/14 PHILADELPHIA PA CARD 5592
LPersonal
^
D3/16'21
U-32.19
T-32.19
C*
PWawa
MPURCHASE 03/29 OAKS PA CARD 5592
LAuto & Transportation:Fuel & Gas
^
D3/16'21
U-34.28
T-34.28
C*
PWawa
MPURCHASE 03/29 OAKS PA CARD 5592
LAuto & Transportation:Fuel & Gas
^
D3/17'21
U-26.00
T-26.00
C*
PWawa
MPURCHASE 03/29 OAKS PA CARD 5592
LPersonal
^
D3/17'21
U-79.50
T-79.50
C*
PPhiladelphia Parking Authority
LAuto & Transportation:Parts & Service
^
D3/18'21
U-27.00
T-27.00
C*
PWawa
MPURCHASE 03/29 OAKS PA CARD 5592
LPersonal
^
D3/22'21
U2,700.00
T2,700.00
C*
NATM
PBkofamerica Mobile
LDeposit
^
D3/22'21
U-36.00
T-36.00
C*
PWawa
MPURCHASE 03/29 OAKS PA CARD 5592
LAuto & Transportation:Fuel & Gas
^
D3/23'21
U-85.58
T-85.58
C*
PHarbor Freight Pe
LConstruction Supplies
^
D3/23'21
U-175.91
T-175.91
C*
PHome Depot
MPURCHASE 03/09 PHILADELPHIA PA CARD 1294
LConstruction Supplies
^
D3/23'21
U-30.17
T-30.17
C*
PWawa
MPURCHASE 03/29 OAKS PA CARD 5592
LAuto & Transportation:Fuel & Gas
^
D3/24'21
U-14.80
T-14.80
C*
PHome Depot
MPURCHASE 03/09 PHILADELPHIA PA CARD 1294
LConstruction Supplies
^
D3/25'21
U11,500.00
T11,500.00
C*
NATM
PBkofamerica ATM
LDeposit
^
D3/25'21
U-46.00
T-46.00
C*
PWawa
MPURCHASE 03/29 OAKS PA CARD 5592
LAuto & Transportation:Fuel & Gas
^
D3/26'21
U30.53
T30.53
C*
NATM
PHome Depot Refun
LDeposit
^
D3/26'21
U6,000.00
T6,000.00
C*
NATM
PBkofamerica ATM
LDeposit
^
D3/26'21
U-43.25
T-43.25
C*
PHome Depot
MPURCHASE 03/09 PHILADELPHIA PA CARD 1294
LConstruction Supplies
^
D3/26'21
U-26.33
T-26.33
C*
PWawa
MPURCHASE 03/29 OAKS PA CARD 5592
LPersonal
^
D3/26'21
U-34.50
T-34.50
C*
PWawa
MPURCHASE 03/29 OAKS PA CARD 5592
LAuto & Transportation:Fuel & Gas
^
D3/26'21
U-150.00
T-150.00
C*
PHome Depot
MPURCHASE 03/09 PHILADELPHIA PA CARD 1294
LConstruction Supplies
^
D3/26'21
U-3,500.00
T-3,500.00
C*
N1315
PLorenzo Dinatale
LConstruction Supplies
^
D3/29'21
U-38.84
T-38.84
C*
PHome Depot
MPURCHASE 03/09 PHILADELPHIA PA CARD 1294
LConstruction Supplies
^
D3/29'21
U-50.58
T-50.58
C*
PWawa
MPURCHASE 03/29 OAKS PA CARD 5592
LAuto & Transportation:Fuel & Gas
^
D3/29'21
U-12.32
T-12.32
C*
PWawa
MPURCHASE 03/29 OAKS PA CARD 5592
LPersonal
^
D3/29'21
U-5,000.00
T-5,000.00
C*
N1316
PPine Contractor
LSubcontractors
^
D3/29'21
U-5,000.00
T-5,000.00
C*
N1317
POmega Project Llc
LConstruction Supplies
^
D3/30'21
U-56.10
T-56.10
C*
PHome Depot
MPURCHASE 03/09 PHILADELPHIA PA CARD 1294
LConstruction Supplies
^
D3/30'21
U-19.52
T-19.52
C*
PWawa
MPURCHASE 03/29 OAKS PA CARD 5592
LPersonal
^
D3/30'21
U-33.95
T-33.95
C*
PWawa
MPURCHASE 03/29 OAKS PA CARD 5592
LAuto & Transportation:Fuel & Gas
^
D3/30'21
U-15.50
T-15.50
C*
PWawa
MPURCHASE 03/29 OAKS PA CARD 5592
LPersonal
^
D3/30'21
U-5,500.00
T-5,500.00
C*
N1318
PPine Contractor
LSubcontractors
^
D3/30'21
U-1,050.00
T-1,050.00
C*
N1319
PPine Contractor
LSubcontractors
^
D3/31'21
U-32.11
T-32.11
C*
PWawa
MPURCHASE 03/29 OAKS PA CARD 5592
LAuto & Transportation:Fuel & Gas
^
D3/31'21
U-28.00
T-28.00
C*
PWawa
MPURCHASE 03/29 OAKS PA CARD 5592
LPersonal
^
D4/ 1'21
U-29.95
T-29.95
C*
PAccount Maintenance Fee
LBank Charge
^
D4/ 1'21
U-22.00
T-22.00
C*
PWawa
MPURCHASE 12/02 ROYERSFORD PA CARD 1294
LPersonal
^
D4/ 2'21
U-195.89
T-195.89
C*
PAuxiliary Service Purc
LConstruction Supplies
^
D4/ 2'21
U-45.00
T-45.00
C*
PWawa
MPURCHASE 12/02 ROYERSFORD PA CARD 1294
LAuto & Transportation:Fuel & Gas
^
D4/ 5'21
U-31.00
T-31.00
C*
PWawa
MPURCHASE 12/02 ROYERSFORD PA CARD 1294
LAuto & Transportation:Fuel & Gas
^
D4/ 6'21
U-47.78
T-47.78
C*
PWawa
MPURCHASE 12/02 ROYERSFORD PA CARD 1294
LAuto & Transportation:Fuel & Gas
^
D4/ 6'21
U-23.29
T-23.29
C*
PWawa
MPURCHASE 12/02 ROYERSFORD PA CARD 1294
LPersonal
^
D4/ 7'21
U-20.00
T-20.00
C*
PRidge Ave Gas
LPersonal
^
D4/ 7'21
U-32.05
T-32.05
C*
PWawa
MPURCHASE 12/02 ROYERSFORD PA CARD 1294
LAuto & Transportation:Fuel & Gas
^
D4/ 8'21
U-44.88
T-44.88
C*
PWawa
MPURCHASE 12/02 ROYERSFORD PA CARD 1294
LAuto & Transportation:Fuel & Gas
^
D4/ 9'21
U-39.20
T-39.20
C*
PWawa
MPURCHASE 12/02 ROYERSFORD PA CARD 1294
LAuto & Transportation:Fuel & Gas
^
D4/12'21
U5,000.00
T5,000.00
C*
NATM
PBkofamerica Mobile
LDeposit
^
D4/12'21
U15,892.00
T15,892.00
C*
NATM
PBkofamerica Mobile
LDeposit
^
D4/12'21
U-17.67
T-17.67
C*
PSunoco
MPURCHASE 04/30 PHILADELPHIA PA CARD 5592
LPersonal
^
D4/12'21
U-17.32
T-17.32
C*
PSunoco
MPURCHASE 04/30 PHILADELPHIA PA CARD 5592
LPersonal
^
D4/12'21
U-43.55
T-43.55
C*
PLowe's
MPURCHASE 09/17 PHILADELPHIA PA CARD 1294
LConstruction Supplies
^
D4/12'21
U-39.00
T-39.00
C*
PWawa
MPURCHASE 12/02 ROYERSFORD PA CARD 1294
LAuto & Transportation:Fuel & Gas
^
D4/12'21
U-34.54
T-34.54
C*
PWawa
MPURCHASE 12/02 ROYERSFORD PA CARD 1294
LAuto & Transportation:Fuel & Gas
^
D4/12'21
U-25.00
T-25.00
C*
PWawa
MPURCHASE 12/02 ROYERSFORD PA CARD 1294
LPersonal
^
D4/12'21
U-110.99
T-110.99
C*
PModern Group Ltd
LAuto & Transportation
^
D4/13'21
U-465.72
T-465.72
C*
PFirst Help Finan
LInsurance
^
D4/13'21
U-73.62
T-73.62
C*
PSunoco
MPURCHASE 04/30 PHILADELPHIA PA CARD 5592
LAuto & Transportation:Fuel & Gas
^
D4/13'21
U-246.00
T-246.00
C*
PPatient First Webpyt
LPersonal
^
D4/13'21
U-43.01
T-43.01
C*
PWawa
MPURCHASE 12/02 ROYERSFORD PA CARD 1294
LAuto & Transportation:Fuel & Gas
^
D4/14'21
U-32.34
T-32.34
C*
PHome Depot
MPURCHASE 04/28 PHILADELPHIA PA CARD 5592
LConstruction Supplies
^
D4/14'21
U-59.63
T-59.63
C*
PWawa
MPURCHASE 12/02 ROYERSFORD PA CARD 1294
LAuto & Transportation:Fuel & Gas
^
D4/14'21
U-20,000.00
T-20,000.00
C*
N1320
PPine Contractor
LSubcontractors
^
D4/15'21
U-34.00
T-34.00
C*
PWawa
MPURCHASE 12/02 ROYERSFORD PA CARD 1294
LAuto & Transportation:Fuel & Gas
^
D4/16'21
U2,050.00
T2,050.00
C*
NATM
PBkofamerica Mobile
LDeposit
^
D4/16'21
U4,000.00
T4,000.00
C*
NATM
PBkofamerica Mobile
LDeposit
^
D4/16'21
U-2,202.44
T-2,202.44
C*
PT C Leasing
LConstruction Supplies
^
D4/16'21
U-36.70
T-36.70
C*
PWawa
MPURCHASE 12/02 ROYERSFORD PA CARD 1294
LAuto & Transportation:Fuel & Gas
^
D4/19'21
U8,000.00
T8,000.00
C*
NATM
PBkofamerica Mobile
L[Checking 4926]
^
D4/19'21
U-1,966.17
T-1,966.17
C*
PAuxiliary Service Purc
LConstruction Supplies
^
D4/19'21
U-46.03
T-46.03
C*
PWawa
MPURCHASE 12/02 ROYERSFORD PA CARD 1294
LAuto & Transportation:Fuel & Gas
^
D4/21'21
U-15.79
T-15.79
C*
PHome Depot
MPURCHASE 04/28 PHILADELPHIA PA CARD 5592
LConstruction Supplies
^
D4/21'21
U-26.25
T-26.25
C*
PWawa
MPURCHASE 12/02 ROYERSFORD PA CARD 1294
LPersonal
^
D4/21'21
U-36.35
T-36.35
C*
PWawa
MPURCHASE 12/02 ROYERSFORD PA CARD 1294
LAuto & Transportation:Fuel & Gas
^
D4/21'21
U-0.07
T-0.07
C*
PWawa
MPURCHASE 12/02 ROYERSFORD PA CARD 1294
LPersonal
^
D4/21'21
U-8,000.00
T-8,000.00
C*
N1321
PPine Contractor
LSubcontractors
^
D4/22'21
U-56.28
T-56.28
C*
PHome Depot
MPURCHASE 04/28 PHILADELPHIA PA CARD 5592
LConstruction Supplies
^
D4/22'21
U-101.62
T-101.62
C*
PModern Group Ltd
LAuto & Transportation
^
D4/23'21
U-51.00
T-51.00
C*
PWawa
MPURCHASE 12/02 ROYERSFORD PA CARD 1294
LAuto & Transportation:Fuel & Gas
^
D4/26'21
U-33.00
T-33.00
C*
PWawa
MPURCHASE 12/02 ROYERSFORD PA CARD 1294
LAuto & Transportation:Fuel & Gas
^
D4/26'21
U-24.57
T-24.57
C*
PHome Depot
MPURCHASE 04/28 PHILADELPHIA PA CARD 5592
LConstruction Supplies
^
D4/26'21
U-72.32
T-72.32
C*
PAuxiliary Service Purc
LConstruction Supplies
^
D4/26'21
U-44.50
T-44.50
C*
PWawa
MPURCHASE 12/02 ROYERSFORD PA CARD 1294
LAuto & Transportation:Fuel & Gas
^
D4/27'21
U-21.44
T-21.44
C*
PWawa
MPURCHASE 12/02 ROYERSFORD PA CARD 1294
LPersonal
^
D4/29'21
U-69.00
T-69.00
C*
PWawa
MPURCHASE 12/02 ROYERSFORD PA CARD 1294
LAuto & Transportation:Fuel & Gas
^
D4/29'21
U-15.16
T-15.16
C*
PExxon
LPersonal
^
D4/30'21
U-22.66
T-22.66
C*
PCummins H
LPersonal
^
D4/30'21
U-165.38
T-165.38
C*
PCummins H
LAuto & Transportation
^
D4/30'21
U-40.27
T-40.27
C*
PWawa
MPURCHASE 12/02 ROYERSFORD PA CARD 1294
LAuto & Transportation:Fuel & Gas
^
D5/ 3'21
U5,215.45
T5,215.45
C*
NATM
PBkofamerica Mobile
LDeposit
^
D5/ 3'21
U7,000.00
T7,000.00
C*
NATM
PBkofamerica Mobile
LDeposit
^
D5/ 3'21
U-29.95
T-29.95
C*
PAccount Maintenance Fee
LBank Charge
^
D5/ 3'21
U-362.50
T-362.50
C*
PAutozone
MPURCHASE 04/30 PHILADELPHIA PA CARD 1294
LAuto & Transportation:Parts & Service
^
D5/ 3'21
U-31.00
T-31.00
C*
PWawa
MPURCHASE 12/02 ROYERSFORD PA CARD 1294
LAuto & Transportation:Fuel & Gas
^
D5/ 4'21
U5,800.00
T5,800.00
C*
NATM
PBkofamerica Mobile
LDeposit
^
D5/ 4'21
U-36.42
T-36.42
C*
PHome Depot
MPURCHASE 05/17 PHILADELPHIA PA CARD 1294
LConstruction Supplies
^
D5/ 4'21
U-500.00
T-500.00
C*
PCrusco Safety L
LConstruction Supplies
^
D5/ 4'21
U-49.02
T-49.02
C*
PWawa
MPURCHASE 12/02 ROYERSFORD PA CARD 1294
LAuto & Transportation:Fuel & Gas
^
D5/ 5'21
U-200.00
T-200.00
C*
PGeorge Smith Towing
LAuto & Transportation:Parking
^
D5/ 5'21
U-32.88
T-32.88
C*
PWawa
MPURCHASE 12/02 ROYERSFORD PA CARD 1294
LAuto & Transportation:Fuel & Gas
^
D5/ 5'21
U-12,500.00
T-12,500.00
C*
N1322
PPine Contractor
LSubcontractors
^
D5/ 6'21
U-94.06
T-94.06
C*
PAuxiliary Service Purc
LConstruction Supplies
^
D5/ 6'21
U-8.52
T-8.52
C*
PAmazon
MPURCHASE 02/27 Amzn.com/bill WA CARD 5592
LPersonal
^
D5/ 7'21
U-55.50
T-55.50
C*
PWawa
MPURCHASE 12/02 ROYERSFORD PA CARD 1294
LAuto & Transportation:Fuel & Gas
^
D5/ 7'21
U-28.73
T-28.73
C*
PAmazon
MPURCHASE 02/27 Amzn.com/bill WA CARD 5592
LPersonal
^
D5/10'21
U-28.00
T-28.00
C*
PWawa
MPURCHASE 12/02 ROYERSFORD PA CARD 1294
LPersonal
^
D5/10'21
U-29.50
T-29.50
C*
PPhiladelphia Parking Authority
LAuto & Transportation:Parts & Service
^
D5/11'21
U12,000.00
T12,000.00
C*
NATM
PBkofamerica Mobile
LDeposit
^
D5/11'21
U14,200.00
T14,200.00
C*
NATM
PBkofamerica Mobile
LDeposit
^
D5/11'21
U-28.09
T-28.09
C*
PWawa
MPURCHASE 12/02 ROYERSFORD PA CARD 1294
LPersonal
^
D5/12'21
U2,000.00
T2,000.00
C*
NATM
PBkofamerica ATM
LDeposit
^
D5/12'21
U-465.72
T-465.72
C*
PFirst Help Finan
LInsurance
^
D5/12'21
U-22.69
T-22.69
C*
PWawa
MPURCHASE 12/02 ROYERSFORD PA CARD 1294
LPersonal
^
D5/12'21
U-9.61
T-9.61
C*
PWawa
MPURCHASE 12/02 ROYERSFORD PA CARD 1294
LPersonal
^
D5/12'21
U-44.30
T-44.30
C*
PWawa
MPURCHASE 12/02 ROYERSFORD PA CARD 1294
LAuto & Transportation:Fuel & Gas
^
D5/12'21
U-32,000.00
T-32,000.00
C*
N1323
PPine Contractor
LSubcontractors
^
D5/13'21
U-12.92
T-12.92
C*
PLowe's
MPURCHASE 09/17 PHILADELPHIA PA CARD 1294
LConstruction Supplies
^
D5/13'21
U-28.49
T-28.49
C*
PWawa
MPURCHASE 12/02 ROYERSFORD PA CARD 1294
LPersonal
^
D5/13'21
U-37.14
T-37.14
C*
PWawa
MPURCHASE 12/02 ROYERSFORD PA CARD 1294
LAuto & Transportation:Fuel & Gas
^
D5/14'21
U5,000.00
T5,000.00
C*
NATM
PBkofamerica Mobile
LDeposit
^
D5/14'21
U9,000.00
T9,000.00
C*
NATM
PBkofamerica ATM
LDeposit
^
D5/14'21
U-29.50
T-29.50
C*
PWawa
MPURCHASE 12/02 ROYERSFORD PA CARD 1294
LPersonal
^
D5/14'21
U-36.32
T-36.32
C*
PWawa
MPURCHASE 12/02 ROYERSFORD PA CARD 1294
LAuto & Transportation:Fuel & Gas
^
D5/17'21
U-2,202.44
T-2,202.44
C*
PT C Leasing
LConstruction Supplies
^
D5/17'21
U-300.00
T-300.00
C*
PZelle Transfer Conf
LConstruction Supplies
^
D5/17'21
U-65.97
T-65.97
C*
PHome Depot
MPURCHASE 05/17 PHILADELPHIA PA CARD 1294
LConstruction Supplies
^
D5/17'21
U-37.50
T-37.50
C*
PWawa
MPURCHASE 12/02 ROYERSFORD PA CARD 1294
LAuto & Transportation:Fuel & Gas
^
D5/17'21
U-14,000.00
T-14,000.00
C*
N1324
PPine Contractor
LSubcontractors
^
D5/18'21
U2,200.00
T2,200.00
C*
NATM
PBkofamerica ATM
LDeposit
^
D5/18'21
U14,800.00
T14,800.00
C*
NATM
PBkofamerica ATM
LDeposit
^
D5/18'21
U15,000.00
T15,000.00
C*
NATM
PBkofamerica ATM
LDeposit
^
D5/18'21
U-45.75
T-45.75
C*
PWawa
MPURCHASE 12/02 ROYERSFORD PA CARD 1294
LAuto & Transportation:Fuel & Gas
^
D5/18'21
U-66.30
T-66.30
C*
PWawa
MPURCHASE 12/02 ROYERSFORD PA CARD 1294
LAuto & Transportation:Fuel & Gas
^
D5/19'21
U-32.84
T-32.84
C*
PWawa
MPURCHASE 12/02 ROYERSFORD PA CARD 1294
LAuto & Transportation:Fuel & Gas
^
D5/19'21
U-15,000.00
T-15,000.00
C*
N1325
PPine Contractor
LSubcontractors
^
D5/24'21
U3,500.00
T3,500.00
C*
NATM
PBkofamerica ATM
LDeposit
^
D5/24'21
U10,000.00
T10,000.00
C*
NATM
PBkofamerica ATM
LDeposit
^
D5/24'21
U-150.12
T-150.12
C*
PHome Depot
MPURCHASE 05/17 PHILADELPHIA PA CARD 1294
LConstruction Supplies
^
D5/24'21
U-16.64
T-16.64
C*
PSunoco
MPURCHASE 05/27 PHILADELPHIA PA CARD 5592
LPersonal
^
D5/24'21
U-211.75
T-211.75
C*
PAuxiliary Service Purc
LConstruction Supplies
^
D5/25'21
U7,598.70
T7,598.70
C*
NATM
PBkofamerica ATM
LDeposit
^
D5/25'21
U-288.19
T-288.19
C*
PHome Depot
MPURCHASE 05/17 PHILADELPHIA PA CARD 1294
LConstruction Supplies
^
D5/25'21
U-46.13
T-46.13
C*
PWawa
MPURCHASE 12/02 ROYERSFORD PA CARD 1294
LAuto & Transportation:Fuel & Gas
^
D5/26'21
U-36.78
T-36.78
C*
PWawa
MPURCHASE 12/02 ROYERSFORD PA CARD 1294
LAuto & Transportation:Fuel & Gas
^
D5/26'21
U-14,000.00
T-14,000.00
C*
N1327
PPine Contractor
LSubcontractors
^
D5/27'21
U-50.57
T-50.57
C*
PWawa
MPURCHASE 12/02 ROYERSFORD PA CARD 1294
LAuto & Transportation:Fuel & Gas
^
D5/28'21
U25,000.00
T25,000.00
C*
NATM
PBkofamerica ATM
LDeposit
^
D5/28'21
U-18.34
T-18.34
C*
PHome Depot
MPURCHASE 05/17 PHILADELPHIA PA CARD 1294
LConstruction Supplies
^
D5/28'21
U-32.00
T-32.00
C*
PWawa
MPURCHASE 12/02 ROYERSFORD PA CARD 1294
LAuto & Transportation:Fuel & Gas
^
D6/ 1'21
U8,600.00
T8,600.00
C*
NATM
PBkofamerica ATM
LDeposit
^
D6/ 1'21
U-71.61
T-71.61
C*
PWawa
MPURCHASE 12/02 ROYERSFORD PA CARD 1294
LAuto & Transportation:Fuel & Gas
^
D6/ 1'21
U-71.55
T-71.55
C*
PWawa
MPURCHASE 12/02 ROYERSFORD PA CARD 1294
LAuto & Transportation:Fuel & Gas
^
D6/ 1'21
U-45,000.00
T-45,000.00
C*
N1328
PPine Contractor
LSubcontractors
^
D6/ 2'21
U-24.68
T-24.68
C*
PWawa
MPURCHASE 12/02 ROYERSFORD PA CARD 1294
LPersonal
^
D6/ 3'21
U-28.09
T-28.09
C*
PWawa
MPURCHASE 12/02 ROYERSFORD PA CARD 1294
LPersonal
^
D6/ 3'21
U-35.53
T-35.53
C*
PWawa
MPURCHASE 12/02 ROYERSFORD PA CARD 1294
LAuto & Transportation:Fuel & Gas
^
D6/ 4'21
U-38.00
T-38.00
C*
PWawa
MPURCHASE 12/02 ROYERSFORD PA CARD 1294
LAuto & Transportation:Fuel & Gas
^
D6/ 7'21
U10,000.00
T10,000.00
C*
NATM
PBkofamerica Mobile
LDeposit
^
D6/ 7'21
U-600.00
T-600.00
C*
PChevrolet
LAuto & Transportation
^
D6/ 7'21
U-30.00
T-30.00
C*
PWawa
MPURCHASE 12/02 ROYERSFORD PA CARD 1294
LAuto & Transportation:Fuel & Gas
^
D6/ 7'21
U-3,000.00
T-3,000.00
C*
N1330
PPine Contractor
LSubcontractors
^
D6/ 8'21
U-32.53
T-32.53
C*
PWawa
MPURCHASE 12/02 ROYERSFORD PA CARD 1294
LAuto & Transportation:Fuel & Gas
^
D6/10'21
U-42.56
T-42.56
C*
PWawa
MPURCHASE 12/02 ROYERSFORD PA CARD 1294
LAuto & Transportation:Fuel & Gas
^
D6/10'21
U-44.37
T-44.37
C*
PWawa
MPURCHASE 12/02 ROYERSFORD PA CARD 1294
LAuto & Transportation:Fuel & Gas
^
D6/10'21
U-1,900.00
T-1,900.00
C*
N1331
PPine Contractor
LSubcontractors
^
D6/11'21
U10,000.00
T10,000.00
C*
NATM
PBkofamerica Mobile
LDeposit
^
D6/11'21
U-35.49
T-35.49
C*
PWawa
MPURCHASE 12/02 ROYERSFORD PA CARD 1294
LAuto & Transportation:Fuel & Gas
^
D6/11'21
U-1,754.00
T-1,754.00
C*
N1332
PState Workers Insurance Fund
LInsurance
^
D6/14'21
U9,527.00
T9,527.00
C*
NATM
PBkofamerica ATM
LDeposit
^
D6/14'21
U25,542.65
T25,542.65
C*
NATM
PBkofamerica Mobile
LDeposit
^
D6/14'21
U-465.72
T-465.72
C*
PFirst Help Finan
LInsurance
^
D6/14'21
U-54.31
T-54.31
C*
PLowe's
MPURCHASE 09/17 PHILADELPHIA PA CARD 1294
LConstruction Supplies
^
D6/14'21
U-11.16
T-11.16
C*
PHome Depot
MPURCHASE 06/22 PHILADELPHIA PA CARD 1294
LConstruction Supplies
^
D6/14'21
U-60.92
T-60.92
C*
PLowe's
MPURCHASE 09/17 PHILADELPHIA PA CARD 1294
LConstruction Supplies
^
D6/14'21
U-28.09
T-28.09
C*
PWawa
MPURCHASE 12/02 ROYERSFORD PA CARD 1294
LPersonal
^
D6/14'21
U-188.03
T-188.03
C*
PAuxiliary Service Purc
LConstruction Supplies
^
D6/14'21
U-32.00
T-32.00
C*
PWawa
MPURCHASE 12/02 ROYERSFORD PA CARD 1294
LAuto & Transportation:Fuel & Gas
^
D6/14'21
U-20,000.00
T-20,000.00
C*
N1333
PPine Contractor
LSubcontractors
^
D6/15'21
U-32.93
T-32.93
C*
PWawa
MPURCHASE 12/02 ROYERSFORD PA CARD 1294
LAuto & Transportation:Fuel & Gas
^
D6/15'21
U-317.58
T-317.58
C*
PHome Depot
MPURCHASE 06/22 PHILADELPHIA PA CARD 1294
LConstruction Supplies
^
D6/15'21
U-22,000.00
T-22,000.00
C*
N1334
PPine Contractor
LSubcontractors
^
D6/16'21
U-2,202.44
T-2,202.44
C*
PT C Leasing
LConstruction Supplies
^
D6/16'21
U-237.91
T-237.91
C*
PAuxiliary Service Purc
LConstruction Supplies
^
D6/16'21
U-266.17
T-266.17
C*
PAuxiliary Service Purc
LConstruction Supplies
^
D6/17'21
U-70.24
T-70.24
C*
PWawa
MPURCHASE 12/02 ROYERSFORD PA CARD 1294
LAuto & Transportation:Fuel & Gas
^
D6/17'21
U-15.78
T-15.78
C*
PWawa
MPURCHASE 12/02 ROYERSFORD PA CARD 1294
LPersonal
^
D6/18'21
U24,200.00
T24,200.00
C*
NATM
PBkofamerica ATM
LDeposit
^
D6/18'21
U-1,137.09
T-1,137.09
C*
PMike Zyndorf Llc
LAuto & Transportation
^
D6/18'21
U-167.93
T-167.93
C*
PAuxiliary Service Purc
LConstruction Supplies
^
D6/18'21
U-34.52
T-34.52
C*
PWawa
MPURCHASE 12/02 ROYERSFORD PA CARD 1294
LAuto & Transportation:Fuel & Gas
^
D6/18'21
U-15.87
T-15.87
C*
PWawa
MPURCHASE 12/02 ROYERSFORD PA CARD 1294
LPersonal
^
D6/18'21
U-3,024.00
T-3,024.00
C*
N1335
PPine Contractor
LSubcontractors
^
D6/21'21
U4,000.00
T4,000.00
C*
NATM
PBkofamerica Mobile
LDeposit
^
D6/21'21
U-232.05
T-232.05
C*
PC R Buildi
MPURCHASE 10/19 PHILADELPHIA PA CARD 5592
LConstruction Supplies
^
D6/21'21
U-14.30
T-14.30
C*
PWawa
MPURCHASE 12/02 ROYERSFORD PA CARD 1294
LPersonal
^
D6/21'21
U-26,000.00
T-26,000.00
C*
N1336
PPine Contractor
LSubcontractors
^
D6/23'21
U-16.62
T-16.62
C*
PHome Depot
MPURCHASE 06/22 PHILADELPHIA PA CARD 1294
LConstruction Supplies
^
D6/23'21
U-75.00
T-75.00
C*
PWawa
MPURCHASE 12/02 ROYERSFORD PA CARD 1294
LAuto & Transportation:Fuel & Gas
^
D6/24'21
U-41.00
T-41.00
C*
PWawa
MPURCHASE 12/02 ROYERSFORD PA CARD 1294
LAuto & Transportation:Fuel & Gas
^
D6/25'21
U-60.09
T-60.09
C*
PHome Depot
MPURCHASE 06/22 PHILADELPHIA PA CARD 1294
LConstruction Supplies
^
D6/25'21
U-41.50
T-41.50
C*
PWawa
MPURCHASE 12/02 ROYERSFORD PA CARD 1294
LAuto & Transportation:Fuel & Gas
^
D6/28'21
U17,000.00
T17,000.00
C*
NATM
PBkofamerica ATM
LDeposit
^
D6/28'21
U-31.00
T-31.00
C*
PWawa
MPURCHASE 12/02 ROYERSFORD PA CARD 1294
LAuto & Transportation:Fuel & Gas
^
D6/28'21
U-55.00
T-55.00
C*
PMike Zyndorf Llc
LAuto & Transportation
^
D6/28'21
U-20.00
T-20.00
C*
PWawa
MPURCHASE 12/02 ROYERSFORD PA CARD 1294
LPersonal
^
D6/29'21
U-31.62
T-31.62
C*
PWawa
MPURCHASE 12/02 ROYERSFORD PA CARD 1294
LAuto & Transportation:Fuel & Gas
^
D6/30'21
U-10,000.00
T-10,000.00
C*
N1337
PPine Contractor
LSubcontractors
^
D7/ 1'21
U21,265.00
T21,265.00
C*
NATM
PBkofamerica ATM
LDeposit
^
D7/ 1'21
U-34.00
T-34.00
C*
PWawa
MPURCHASE 03/29 OAKS PA CARD 5592
LAuto & Transportation:Fuel & Gas
^
D7/ 2'21
U-25.00
T-25.00
C*
PWawa
MPURCHASE 03/29 OAKS PA CARD 5592
LPersonal
^
D7/ 6'21
U6,000.00
T6,000.00
C*
NATM
PBkofamerica Mobile
LDeposit
^
D7/ 6'21
U-4,000.00
T-4,000.00
C*
POnline Banking
L[Checking 4926]
^
D7/ 6'21
U-38.26
T-38.26
C*
PWawa
MPURCHASE 03/29 OAKS PA CARD 5592
LAuto & Transportation:Fuel & Gas
^
D7/ 6'21
U-10,000.00
T-10,000.00
C*
N1339
PPine Contractor
LSubcontractors
^
D7/ 7'21
U-28.50
T-28.50
C*
PWawa
MPURCHASE 03/29 OAKS PA CARD 5592
LPersonal
^
D7/ 7'21
U-185.50
T-185.50
C*
PPhiladelphia Parking Authority
LAuto & Transportation:Parking
^
D7/ 7'21
U-5,249.00
T-5,249.00
C*
N1338
PPine Contractor
LSubcontractors
^
D7/ 8'21
U-117.93
T-117.93
C*
PAuxiliary Service Purc
LConstruction Supplies
^
D7/ 9'21
U-49.00
T-49.00
C*
PWawa
MPURCHASE 03/29 OAKS PA CARD 5592
LAuto & Transportation:Fuel & Gas
^
D7/12'21
U-32.29
T-32.29
C*
PWawa
MPURCHASE 03/29 OAKS PA CARD 5592
LAuto & Transportation:Fuel & Gas
^
D7/13'21
U-465.72
T-465.72
C*
PFirst Help Finan
