!Option:AutoSwitch
!Account
NBoA Chk 3340
TBank
^
NChecking 2815
TBank
^
NChecking 9122
TBank
^
!Clear:AutoSwitch
!Option:AutoSwitch
!Account
NBoA Chk 3340
TBank
^
!Type:Bank 
D3/20'19
U0.00
T0.00
CX
POpening Balance
L[BoA Chk 3340]
^
D3/21'19
U100.00
T100.00
C*
PDeposit
LOther Inc
^
D3/25'19
U-40.00
T-40.00
C*
PD D Gas Station 03/22 Purchase P
LAuto & Transport:Gas & Fuel
^
D4/23'19
U100.00
T100.00
C*
NATM
PBkofamerica ATM 04/22 #000002220
^
D4/25'19
U-44.09
T-44.09
C*
PThe Home Depot 04/25 Purchase Ha
LConstruction Supplies
^
D4/26'19
U-33.45
T-33.45
C*
PLowes #01938* 04/25 Purchase Hac
LConstruction Supplies
^
D5/ 2'19
U-35.00
T-35.00
C*
POverdraft Item Fee For Activity
LFees & Charges:Bank Fee
^
D5/ 2'19
U-70.50
T-70.50
C*
PWawa 991 00009910 05/01 Purchase
LAuto & Transport:Gas & Fuel
^
D5/ 2'19
U-6.45
T-6.45
C*
PWawa 991 00009910 05/01 Purchase
LPersonal Care
^
D5/ 6'19
U-40.00
T-40.00
C*
PStaples 00112789 05/02 Purchase
LOffice
^
D5/ 7'19
U2,000.00
T2,000.00
C*
NATM
PBkofamerica ATM 05/07 #000002179
^
D5/ 9'19
U-79.45
T-79.45
C*
PWawa 991 00009910 05/08 Purchase
LAuto & Transport:Gas & Fuel
^
D5/10'19
U-40.99
T-40.99
C*
PSunoco 0013873 05/10 Purchase Ph
LAuto & Transport:Gas & Fuel
^
D5/10'19
U-300.00
T-300.00
C*
PBluestone Insurance Age 05/09 Pu
LInsurance
^
D5/13'19
U2,500.00
T2,500.00
C*
NATM
PBkofamerica ATM 05/13 #000004618
^
D5/13'19
U-2.00
T-2.00
C*
PEvo Ezpay, Llc DES:ACH ID:877-75
^
D5/13'19
U-818.10
T-818.10
C*
PJimcor Agencies DES:ACH ID:201-5
LInsurance
^
D5/13'19
U-67.01
T-67.01
C*
PWawa 952 00009522 05/12 Purchase
LAuto & Transport:Gas & Fuel
^
D5/13'19
U-509.69
T-509.69
C*
PAuxiliary Service 05/10 Purchase
LConstruction Supplies
^
D5/15'19
U-35.00
T-35.00
C*
POverdraft Item Fee For Activity
LFees & Charges:Bank Fee
^
D5/15'19
U-119.87
T-119.87
C*
PThe Home Depot 05/15 Purchase Ha
LConstruction Supplies
^
D5/15'19
U-2,047.50
T-2,047.50
C*
PClosure Systems 05/14 Purchase B
LConstruction Supplies
^
D5/15'19
U-389.60
T-389.60
C*
PLowes #01848* 05/13 Purchase Phi
LConstruction Supplies
^
D5/16'19
U-82.68
T-82.68
C*
PWawa 991 00009910 05/15 Purchase
LAuto & Transport:Gas & Fuel
^
D5/20'19
U800.00
T800.00
C*
NATM
PBkofamerica ATM 05/20 #000007390
^
D5/22'19
U-135.80
T-135.80
C*
PUnited Fin Cas DES:INS Prem ID:0
LInsurance
^
D5/23'19
U-85.21
T-85.21
C*
PWawa 991 00009910 05/22 Purchase
LAuto & Transport:Gas & Fuel
^
D5/24'19
U-50.00
T-50.00
C*
PCiti Gas 05/24 Purchase Philadel
LAuto & Transport:Gas & Fuel
^
D5/28'19
U-274.64
T-274.64
C*
PThe Home Depot 05/25 Purchase Ph
LConstruction Supplies
^
D5/28'19
U-59.43
T-59.43
C*
PWawa 8052 00080523 05/25 Purchas
LAuto & Transport:Gas & Fuel
^
D5/30'19
U-67.50
T-67.50
C*
PWawa 991 00009910 05/29 Purchase
LAuto & Transport:Gas & Fuel
^
D5/31'19
U22,741.00
T22,741.00
C*
NATM
PBkofamerica ATM 05/31 #000005328
^
D6/ 3'19
U-41.80
T-41.80
C*
PSunoco 0013873507 06/01 Purchase
LAuto & Transport:Gas & Fuel
^
D6/12'19
U-7.75
T-7.75
C*
PWawa 991 06/12 Purchase Flemingt
LPersonal Care
^
D6/13'19
U-100.00
T-100.00
C*
PWawa 8390 00083907 06/12 Purchas
LAuto & Transport:Gas & Fuel
^
D6/13'19
U-53.58
T-53.58
C*
PPfc076 - 40993 Sn 06/12 Purchase
^
D6/13'19
U-1,785.94
T-1,785.94
C*
PCitation Finance C 06/12 Purchas
LInsurance
^
D6/17'19
U22,750.00
T22,750.00
C*
NATM
PBkofamerica ATM 06/14 #000009368
^
D6/17'19
U-14,000.00
T-14,000.00
C*
PCustomer Withdrawal Image
LWithdrawals
^
D6/17'19
U-15.00
T-15.00
C*
PNj Tlr Cash Withdrawal From Chk
LWithdrawals
^
D6/17'19
U-170.10
T-170.10
C*
PBrazilian Barbeque Cas 06/13 Pur
LPersonal Care
^
D6/18'19
U-81.04
T-81.04
C*
PWawa 991 00009910 06/17 Purchase
LAuto & Transport:Gas & Fuel
^
D6/18'19
U-60.02
T-60.02
C*
PSunoco 0363207203 06/17 Purchase
LAuto & Transport:Gas & Fuel
^
D6/24'19
U-112.80
T-112.80
C*
PUnited Fin Cas DES:INS Prem ID:0
LInsurance
^
D6/24'19
U-374.17
T-374.17
C*
PAuxiliary Service 06/22 Purchase
LConstruction Supplies
^
D6/25'19
U-1,176.25
T-1,176.25
C*
PClosure Systems 06/24 Purchase B
LConstruction Supplies
^
D6/27'19
U-81.38
T-81.38
C*
PCheck Order00494 DES:FEE ID:1KF0
LFees & Charges:Bank Fee
^
D6/28'19
U46,416.00
T46,416.00
C*
NATM
PBkofamerica ATM 06/28 #000003615
^
D6/28'19
U-71.67
T-71.67
C*
PWawa 991 00009910 06/27 Purchase
LAuto & Transport:Gas & Fuel
^
D7/ 2'19
U-66.92
T-66.92
C*
PWawa 991 00009910 07/01 Purchase
LAuto & Transport:Gas & Fuel
^
D7/ 5'19
U-142.04
T-142.04
C*
PThe Home Depot 07/05 Purchase Ha
LConstruction Supplies
^
D7/ 8'19
U-2,000.00
T-2,000.00
C*
PZelle Transfer Conf# 1175c42fe;
LTransfers
^
D7/ 8'19
U-29.49
T-29.49
C*
PQuick Chek Foo 07/08 Purchase Ri
LPersonal Care
^
D7/ 8'19
U-79.52
T-79.52
C*
PWawa 8390 00083907 07/05 Purchas
LAuto & Transport:Gas & Fuel
^
D7/ 8'19
U-75.00
T-75.00
C*
PD D Gas Station 07/05 Purchase P
LAuto & Transport:Gas & Fuel
^
D7/ 9'19
U-15,000.00
T-15,000.00
C*
N1001
PWebb Contractor Corp
LSubcontractors
^
D7/ 9'19
U-20,000.00
T-20,000.00
C*
N1027
PWebb Contractor Corp
LSubcontractors
^
D7/10'19
U-1,092.64
T-1,092.64
C*
PAuxiliary Service 07/09 Purchase
LConstruction Supplies
^
D7/10'19
U-78.00
T-78.00
C*
PWawa 991 00009910 07/09 Purchase
LAuto & Transport:Gas & Fuel
^
D7/10'19
U-73.71
T-73.71
C*
PQuick Ckek Food Stores 07/08 Pur
LPersonal Care
^
D7/12'19
U-79.32
T-79.32
C*
PWawa 991 00009910 07/11 Purchase
LAuto & Transport:Gas & Fuel
^
D7/15'19
U22,500.00
T22,500.00
C*
NATM
PBkofamerica ATM 07/12 #000003410
^
D7/15'19
U-2,000.00
T-2,000.00
C*
N1030
PReinaldo Carvalho De Rocha
LReinaldo Carvalho De Rocha
^
D7/16'19
U-191.30
T-191.30
C*
PThe Home Depot 07/16 Purchase Ha
LConstruction Supplies
^
D7/16'19
U-65.00
T-65.00
C*
PWawa 991 00009910 07/15 Purchase
LAuto & Transport:Gas & Fuel
^
D7/16'19
U-20,000.00
T-20,000.00
C*
N1029
PWebb Contractor Corp
LSubcontractors
^
D7/17'19
U-75.00
T-75.00
C*
PD D Gas Station 07/16 Purchase P
LAuto & Transport:Gas & Fuel
^
D7/22'19
U-60.50
T-60.50
C*
PWawa 991 00009910 07/19 Purchase
LAuto & Transport:Gas & Fuel
^
D7/22'19
U-700.00
T-700.00
C*
PBusiness Solutions 07/18 Purchas
LInsurance
^
D7/22'19
U-13,000.00
T-13,000.00
C*
N1003
PWebb Contractor Corp
LSubcontractors
^
D7/23'19
U-157.64
T-157.64
C*
PUnited Fin Cas DES:INS Prem ID:0
LInsurance
^
D7/29'19
U39.83
T39.83
C*
NATM
PBkofamerica ATM 07/28 #000009770
^
D7/29'19
U12,456.39
T12,456.39
C*
NATM
PBkofamerica ATM 07/28 #000009767
^
D7/29'19
U-1,012.50
T-1,012.50
C*
PCd Automotive 07/29 Purchase Phi
LAuto & Transport:Service & Parts
^
D7/29'19
U-71.16
T-71.16
C*
PWawa 8390 00083907 07/26 Purchas
LAuto & Transport:Gas & Fuel
^
D7/29'19
U-11,800.00
T-11,800.00
C*
N1032
PWebb Contractor Corp
LSubcontractors
^
D7/31'19
U-67.38
T-67.38
C*
PWawa 991 00009910 07/30 Purchase
LAuto & Transport:Gas & Fuel
^
D7/31'19
U-52.03
T-52.03
C*
PWawa 991 00009910 07/30 Purchase
LAuto & Transport:Gas & Fuel
^
D8/ 5'19
U-502.90
T-502.90
C*
PTynans Service Center 08/02 Purc
LAuto & Transport:Service & Parts
^
D8/ 5'19
U-223.19
T-223.19
C*
PLowes #03277* 08/02 Purchase Bro
LConstruction Supplies
^
D8/ 5'19
U-476.09
T-476.09
C*
PAuxiliary Service 08/02 Purchase
LConstruction Supplies
^
D8/ 6'19
U-150.00
T-150.00
C*
PBusiness Solutio DES:19759 ID:21
LAccounting
^
D8/ 6'19
U-34.63
T-34.63
C*
PThe Home Depot 08/06 Purchase Ha
LConstruction Supplies
^
D8/14'19
U26,500.00
T26,500.00
C*
NATM
PBkofamerica ATM 08/14 #000008192
^
D8/15'19
U-400.00
T-400.00
C*
PZelle Transfer Conf# c68324212;
LTransfers
^
D8/16'19
U-117.00
T-117.00
C*
PTravelers DES:BUS Insur ID:BPITB
LInsurance
^
D8/16'19
U-41.31
T-41.31
C*
PEz Gas Ii 08/15 Purchase Philade
LAuto & Transport:Gas & Fuel
^
D8/16'19
U-45.69
T-45.69
C*
PWawa 8052 00080523 08/15 Purchas
LAuto & Transport:Gas & Fuel
^
D8/16'19
U-87.42
T-87.42
C*
PWawa 8052 00080523 08/15 Purchas
LAuto & Transport:Gas & Fuel
^
D8/19'19
U-288.81
T-288.81
C*
PLowes #03277* 08/17 Purchase Bro
LConstruction Supplies
^
D8/19'19
U-14,000.00
T-14,000.00
C*
N1035
PWebb Contractor Corp
LSubcontractors
^
D8/20'19
U-570.55
T-570.55
C*
PTynans Service Center 08/19 Purc
LAuto & Transport:Service & Parts
^
D8/20'19
U-8,200.00
T-8,200.00
C*
N1034
PWebb Contractor Corp
LSubcontractors
^
D8/22'19
U-161.98
T-161.98
C*
PUnited Fin Cas DES:INS Prem ID:0
LInsurance
^
D8/22'19
U-20.00
T-20.00
C*
PSunoco 0013873 08/22 Purchase Ph
LAuto & Transport:Gas & Fuel
^
D8/22'19
U-212.88
T-212.88
C*
PClosure Systems 08/20 Purchase B
LConstruction Supplies
^
D8/23'19
U-51.17
T-51.17
C*
PThe Home Depot 08/23 Purchase Br
LConstruction Supplies
^
D8/23'19
U-65.86
T-65.86
C*
P19 Petroleum 08/22 Purchase Midd
LAuto & Transport:Gas & Fuel
^
D8/23'19
U-55.00
T-55.00
C*
P19 Petroleum 08/22 Purchase Midd
LAuto & Transport:Gas & Fuel
^
D8/23'19
U-25.03
T-25.03
C*
PSunoco 0013873507 08/22 Purchase
LAuto & Transport:Gas & Fuel
^
D8/23'19
U-2,779.50
T-2,779.50
C*
PClosure Systems 08/21 Purchase B
LConstruction Supplies
^
D8/26'19
U-67.36
T-67.36
C*
PDelta 08/24 Purchase Middlesex N
LAuto & Transport:Gas & Fuel
^
D8/26'19
U-24.12
T-24.12
C*
PDelta 08/24 Purchase Middlesex N
LAuto & Transport:Gas & Fuel
^
D8/26'19
U-39.00
T-39.00
C*
PSunoco 0013873507 08/23 Purchase
LAuto & Transport:Gas & Fuel
^
D8/27'19
U-1,000.00
T-1,000.00
C*
N1004
PReinaldo Carvalho De Rocha
LReinaldo Carvalho De Rocha
^
D8/28'19
U-75.00
T-75.00
C*
PD D Gas Station 08/27 Purchase P
LAuto & Transport:Gas & Fuel
^
D8/28'19
U-20.00
T-20.00
C*
PD D Gas Station 08/27 Purchase P
LAuto & Transport:Gas & Fuel
^
D8/28'19
U-152.30
T-152.30
C*
PThe Home Depot #0947 08/26 Purch
LConstruction Supplies
^
D8/29'19
U-76.15
T-76.15
C*
PSunoco 0368297801 08/27 Purchase
LAuto & Transport:Gas & Fuel
^
D8/30'19
U-900.00
T-900.00
C*
PSignscape 08/29 Purchase Wilming
LSign
^
D8/30'19
U-70.27
T-70.27
C*
PDelta 08/29 Purchase Middlesex N
LAuto & Transport:Gas & Fuel
^
D9/ 3'19
U-43.70
T-43.70
C*
PSunoco 0013873507 08/31 Purchase
LAuto & Transport:Gas & Fuel
^
D9/ 3'19
U-150.00
T-150.00
C*
PBusiness Solutions 08/30 Purchas
LAccounting
^
D9/ 4'19
U-14.80
T-14.80
C*
PLowe's #1848 09/03 Purchase Phil
LConstruction Supplies
^
D9/16'19
U-8,000.00
T-8,000.00
C*
N1005
PWebb Contractor Corp
LSubcontractors
^
D9/17'19
U-85.56
T-85.56
C*
PAuxiliary Service 09/16 Purchase
LConstruction Supplies
^
D9/17'19
U-219.43
T-219.43
C*
PAuxiliary Service 09/16 Purchase
LConstruction Supplies
^
D9/18'19
U-215.30
T-215.30
C*
PThe Home Depot 09/18 Purchase Br
LConstruction Supplies
^
D9/18'19
U-115.74
T-115.74
C*
PAuxiliary Service 09/17 Purchase
LConstruction Supplies
^
D9/18'19
U-326.10
T-326.10
C*
PAuxiliary Service 09/17 Purchase
LConstruction Supplies
^
D9/19'19
U200.00
T200.00
C*
PZelle Transfer Conf# T06VHTWC3;
^
D9/19'19
U-2,257.50
T-2,257.50
C*
PClosure Systems 09/17 Purchase B
LConstruction Supplies
^
D9/20'19
U-2.04
T-2.04
C*
PPaypal *EBAY Inc 09/19 Purchase
^
D9/20'19
U-33.97
T-33.97
C*
PPaypal *TOOLBARNCOM 09/19 Purcha
LConstruction Supplies
^
D9/23'19
U33,500.00
T33,500.00
C*
NATM
PBkofamerica ATM 09/21 #000001093
^
D9/24'19
U-149.81
T-149.81
C*
PUnited Fin Cas DES:INS Prem ID:0
LInsurance
^
D9/24'19
U-1,000.00
T-1,000.00
C*
N1006
PReinaldo Carvalho De Rocha
LReinaldo Carvalho De Rocha
^
D9/30'19
U-269.18
T-269.18
C*
PLowe's #1848 09/28 Purchase Phil
LConstruction Supplies
^
D10/ 1'19
U-35.00
T-35.00
C*
PNSF: Returned Item Fee For Activ
LFees & Charges:Bank Fee
^
D10/ 1'19
U-717.93
T-717.93
C*
PNergers Auto E 10/01 Purchase Bo
LAuto & Transport:Service & Parts
^
D10/ 1'19
U-150.00
T-150.00
C*
PBusiness Solutions 09/30 Purchas
LAccounting
^
D10/ 4'19
U-38.94
T-38.94
C*
PEreplacementparts.Com 10/03 Purc
LConstruction Supplies
^
D10/ 4'19
U-11.45
T-11.45
C*
PPaypal *EBAY Inc 10/03 Purchase
^
D10/ 4'19
U-190.70
T-190.70
C*
PPaypal *GBOLTZ 10/03 Purchase 40
^
D10/ 4'19
U-3,000.00
T-3,000.00
C*
N1007
PWebb Contractor Corp
LSubcontractors
^
D10/ 7'19
U-231.05
T-231.05
C*
PLowe's #1848 10/05 Purchase Phil
LConstruction Supplies
^
D10/ 7'19
U-10,800.00
T-10,800.00
C*
N1036
PWebb Contractor Corp
LSubcontractors
^
D10/ 9'19
U-19,000.00
T-19,000.00
C*
N1008
PWebb Contractor Corp
LSubcontractors
^
D10/10'19
U-33.57
T-33.57
C*
PAutozone 4790 10/10 Purchase Bou
LAuto & Transport:Service & Parts
^
D10/11'19
U-48.55
T-48.55
C*
PFoothill Service 10/10 Purchase
LAuto & Transport:Service & Parts
^
D10/15'19
U-88.90
T-88.90
C*
PExxonmobil 47980214 10/12 Purcha
LAuto & Transport:Gas & Fuel
^
D10/15'19
U-39.60
T-39.60
C*
PExxonmobil 47980214 10/12 Purcha
LAuto & Transport:Gas & Fuel
^
D10/15'19
U-76.78
T-76.78
C*
PSunoco 0368300001 10/10 Purchase
LAuto & Transport:Gas & Fuel
^
D10/21'19
U38,500.00
T38,500.00
C*
NATM
PBkofamerica ATM 10/20 #000009017
^
D10/21'19
U-130.48
T-130.48
C*
PThe Home Depot 10/21 Purchase Br
LConstruction Supplies
^
D10/21'19
U-500.00
T-500.00
C*
NATM
PBkofamerica ATM 10/20 #000009018
LWithdrawals
^
D10/22'19
U37.29
T37.29
C*
NATM
PThe Home Depot 10/22 Refund Brid
^
D10/22'19
U-149.81
T-149.81
C*
PUnited Fin Cas DES:INS Prem ID:0
LInsurance
^
D10/22'19
U-110.00
T-110.00
C*
PFoothill Service 10/21 Purchase
LAuto & Transport:Service & Parts
^
D10/25'19
U-31.01
T-31.01
C*
PSunoco 0013873507 10/24 Purchase
LAuto & Transport:Gas & Fuel
^
D10/25'19
U-1,000.00
T-1,000.00
C*
N1010
PReinaldo Carvalho De Rocha
LReinaldo Carvalho De Rocha
^
D10/28'19
U-600.00
T-600.00
C*
NATM
PBkofamerica ATM 10/27 #000007771
LWithdrawals
^
D10/31'19
U33,500.00
T33,500.00
C*
NATM
PBkofamerica ATM 10/31 #000004863
^
D11/ 1'19
U-90.98
T-90.98
C*
PThe Home Depot 11/01 Purchase Br
LConstruction Supplies
^
D11/ 1'19
U-17.27
T-17.27
C*
PAuxiliary Service 10/31 Purchase
LConstruction Supplies
^
D11/ 1'19
U-1,902.05
T-1,902.05
C*
PAuxiliary Service 10/31 Purchase
LConstruction Supplies
^
D11/ 1'19
U-150.00
T-150.00
C*
PBusiness Solutions 10/31 Purchas
LAccounting
^
D11/ 1'19
U-18,000.00
T-18,000.00
C*
N1011
PWebb Contractor Corp
LSubcontractors
^
D11/ 4'19
U-35.84
T-35.84
C*
PAuxiliary Service 11/01 Purchase
LConstruction Supplies
^
D11/ 6'19
U-258.30
T-258.30
C*
PAuxiliary Service 11/05 Purchase
LConstruction Supplies
^
D11/ 6'19
U-38,000.00
T-38,000.00
C*
N1012
PWebb Contractor Corp
LSubcontractors
^
D11/12'19
U-76.60
T-76.60
C*
PAuxiliary Service 11/11 Purchase
LConstruction Supplies
^
D11/12'19
U-318.70
T-318.70
C*
PAuxiliary Service 11/11 Purchase
LConstruction Supplies
^
D11/12'19
U-186.50
T-186.50
C*
PNunos Meat Market 11/10 Purchase
LPersonal Care
^
D11/12'19
U-220.68
T-220.68
C*
PThe Home Depot 11/09 Purchase Wo
LConstruction Supplies
^
D11/22'19
U69,500.00
T69,500.00
C*
NATM
PBkofamerica ATM 11/22 #000004747
^
D11/22'19
U-149.81
T-149.81
C*
PUnited Fin Cas DES:INS Prem ID:0
LInsurance
^
D11/22'19
U-500.00
T-500.00
C*
NATM
PBkofamerica ATM 11/22 #000008094
LWithdrawals
^
D11/22'19
U-154.00
T-154.00
C*
PThe Home Depot 11/22 Purchase Br
LConstruction Supplies
^
D11/22'19
U-10,000.00
T-10,000.00
C*
N1013
PWebb Contractor Corp
LSubcontractors
^
D11/26'19
U-251.89
T-251.89
C*
PThe Home Depot 11/26 Purchase Li
LConstruction Supplies
^
D11/29'19
U-2,752.80
T-2,752.80
C*
PClosure Systems 11/27 Purchase 2
LConstruction Supplies
^
D11/29'19
U-258.71
T-258.71
C*
PAuxiliary Service 11/27 Purchase
LConstruction Supplies
^
D11/29'19
U-66,000.00
T-66,000.00
C*
N1014
PWebb Contractor Corp
LSubcontractors
^
D12/ 2'19
U-675.07
T-675.07
C*
PSam's Club 12/02 Purchase Philad
LPersonal Care
^
D12/ 2'19
U-150.00
T-150.00
C*
PBusiness Solutions 11/30 Purchas
LAccounting
^
D12/ 2'19
U-96.40
T-96.40
C*
PThe Home Depot 11/30 Purchase El
LConstruction Supplies
^
D12/ 3'19
U-95.38
T-95.38
C*
PThe Home Depot 12/03 Purchase Li
LConstruction Supplies
^
D12/ 4'19
U-107.69
T-107.69
C*
PThe Home Depot 12/04 Purchase Li
LConstruction Supplies
^
D12/13'19
U-11.95
T-11.95
C*
PPark Ave Llc 12/13 Purchase Lind
LPersonal Care
^
D12/13'19
U-7.98
T-7.98
C*
PPark Ave Llc 12/13 Purchase Lind
LPersonal Care
^
D12/13'19
U-15.95
T-15.95
C*
PPark Ave Llc 12/13 Purchase Lind
LPersonal Care
^
D12/16'19
U-68.95
T-68.95
C*
PExxonmobil 47977343 12/13 Purcha
LAuto & Transport:Gas & Fuel
^
D12/23'19
U-191.84
T-191.84
C*
PLowe's #1837 12/22 Purchase Will
LConstruction Supplies
^
D12/24'19
U-149.75
T-149.75
C*
PUnited Fin Cas DES:INS Prem ID:0
LInsurance
^
D1/ 3'20
U-650.00
T-650.00
C*
PBusiness Solutions 01/02 Purchas
LInsurance
^
D1/ 3'20
U-150.00
T-150.00
C*
PBusiness Solutions 01/02 Purchas
LAccounting
^
D1/ 8'20
U-56.82
T-56.82
C*
PAuxiliary Service Inc 01/07 Purc
LConstruction Supplies
^
D1/ 9'20
U25,000.00
T25,000.00
C*
NATM
PBkofamerica ATM 01/09 #000006446
LDeposit
^
D1/13'20
U49,500.00
T49,500.00
C*
NATM
PBkofamerica ATM 01/12 #000007824
LDeposit
^
D1/13'20
U-47.00
T-47.00
C*
PWawa 8316 00083162 01/11 Purchas
LAuto & Transport:Gas & Fuel
^
D1/13'20
U-114.16
T-114.16
C*
PHarvest Seasonal Grill 01/11 Pur
LPersonal
^
D1/14'20
U-759.86
T-759.86
C*
PAuxiliary Service Inc 01/13 Purc
LConstruction Supplies
^
D1/15'20
U-86.03
T-86.03
C*
PThe Home Depot 01/15 Purchase Ed
LConstruction Supplies
^
D1/15'20
U-141.80
T-141.80
C*
PThe Home Depot 01/15 Purchase Ed
LConstruction Supplies
^
D1/15'20
U-23,000.00
T-23,000.00
C*
N1038
PPlatinum Contractors Corp
LSubcontractors
^
D1/15'20
U-49,000.00
T-49,000.00
C*
N1040
PPlatinum Contractors Corp
LSubcontractors
^
D1/21'20
U-175.00
T-175.00
C*
PNortheast Car Repairs 01/20 Purc
LAuto & Transport:Service & Parts
^
D1/21'20
U-505.98
T-505.98
C*
PAuxiliary Service Inc 01/18 Purc
LConstruction Supplies
^
D1/24'20
U-477.45
T-477.45
C*
PAuxiliary Service Inc 01/23 Purc
LConstruction Supplies
^
D1/28'20
U-12.00
T-12.00
C*
PReturned Item Chargeback Fee
LFees & Charges:Bank Fee
^
D1/30'20
U33,000.00
T33,000.00
C*
NATM
PBkofamerica ATM 01/29 #000005010
LDeposit
^
D2/ 3'20
U-150.00
T-150.00
C*
PBusiness Solutions 02/02 Purchas
LAccounting
^
D2/ 6'20
U-910.44
T-910.44
C*
PAuxiliary Service Inc 02/05 Purc
LConstruction Supplies
^
D2/ 6'20
U-40.10
T-40.10
C*
PLukoil 69214 02/05 Purchase Phil
LAuto & Transport:Gas & Fuel
^
D2/ 7'20
U-35.00
T-35.00
C*
POverdraft Item Fee For Activity
LFees & Charges:Bank Fee
^
D2/10'20
U15,000.00
T15,000.00
C*
PWire TYPE:WIRE In DATE: 200210 T
LDeposit
^
D2/10'20
U-600.00
T-600.00
C*
NATM
PBkofamerica ATM 02/08 #000008764
LWithdrawals
^
D2/11'20
U-15.00
T-15.00
C*
PWire Transfer Fee
LFees & Charges:Bank Fee
^
D2/11'20
U-579.74
T-579.74
C*
PLowe's #1848 02/11 Purchase Phil
LConstruction Supplies
^
D2/11'20
U-811.25
T-811.25
C*
PAuxiliary Service Inc 02/10 Purc
LConstruction Supplies
^
D2/12'20
U-45,000.00
T-45,000.00
C*
N1042
PLifetime Contractor Corp
LSubcontractors
^
D2/18'20
U25,483.84
T25,483.84
C*
NATM
PBkofamerica ATM 02/15 #000005925
LDeposit
^
D2/28'20
U-22,000.00
T-22,000.00
C*
N1043
PLifetime Contractor Corp
LSubcontractors
^
D3/ 2'20
U-150.00
T-150.00
C*
PBusiness Solutions 02/28 Purchas
LAccounting
^
D3/10'20
U-57.39
T-57.39
C*
PAuxiliary Service Inc 03/09 Purc
LConstruction Supplies
^
D3/11'20
U-257.50
T-257.50
C*
PBluestone Insurance Age 03/10 Pu
LInsurance
^
D3/12'20
U-1,458.00
T-1,458.00
C*
PTravelers DES:BUS Insur ID:BPITB
LInsurance
^
D3/12'20
U-152.03
T-152.03
C*
PTarget T- 100 03/12 Purchase Edi
LPersonal
^
D3/13'20
U-81.04
T-81.04
C*
PAuxiliary Service Inc 03/12 Purc
LConstruction Supplies
^
D3/23'20
U-98.57
T-98.57
C*
PLowe's #1848 03/21 Purchase Phil
LConstruction Supplies
^
D3/23'20
U-51.00
T-51.00
C*
PD D Gas Station 03/20 Purchase P
LAuto & Transport:Gas & Fuel
^
D3/24'20
U-171.80
T-171.80
C*
PUnited Fin Cas DES:INS Prem ID:0
LInsurance
^
D3/30'20
U-267.51
T-267.51
C*
PBull-boy Groce 03/30 Purchase Ph
LPersonal
^
D4/ 1'20
U-150.00
T-150.00
C*
PBusiness Solutions 03/31 Purchas
LAccounting
^
D4/ 1'20
U-263.62
T-263.62
C*
PFirestone17213 03/30 Purchase Ed
LAuto & Transport:Service & Parts
^
D4/ 2'20
U-35.00
T-35.00
C*
POverdraft Item Fee For Activity
LFees & Charges:Bank Fee
^
D4/ 2'20
U-305.04
T-305.04
C*
PCitation Finance DES:INS.Pmts. I
LInsurance
^
D4/ 2'20
U-105.99
T-105.99
C*
PAuxiliary Service Inc 04/01 Purc
LConstruction Supplies
^
D4/ 2'20
U-209.13
T-209.13
C*
PAuxiliary Service Inc 04/01 Purc
LConstruction Supplies
^
D4/20'20
U600.00
T600.00
C*
NATM
PBkofamerica ATM 04/18 #000008827
LDeposit
^
D4/22'20
U-151.80
T-151.80
C*
PUnited Fin Cas DES:INS Prem ID:0
LInsurance
^
D4/23'20
U-135.96
T-135.96
C*
PBluestone Insurance Age 04/21 Pu
LInsurance
^
D5/ 1'20
U-35.00
T-35.00
C*
POverdraft Item Fee For Activity
LFees & Charges:Bank Fee
^
D5/ 1'20
U-150.00
T-150.00
C*
PBusiness Solutions Purchas
LAccounting
^
D5/ 4'20
U-35.00
T-35.00
C*
POverdraft Item Fee For Activity
LFees & Charges:Bank Fee
^
D5/ 4'20
U-305.04
T-305.04
C*
PCitation Finance DES:INS.Pmts. I
LInsurance
^
D5/11'20
U20,000.00
T20,000.00
C*
NATM
PBkofamerica ATM
LDeposit
^
D5/18'20
U-477.72
T-477.72
C*
PWal-mart
LPersonal
^
D5/22'20
U-151.80
T-151.80
C*
PUnited Fin Cas DES:INS Prem ID:0
LInsurance
^
D5/22'20
U-59.00
T-59.00
C*
PSunoco
LAuto & Transport:Gas & Fuel
^
D5/26'20
U-53.40
T-53.40
C*
PRaceway
LAuto & Transport:Gas & Fuel
^
D5/27'20
U-173.90
T-173.90
C*
PE-zpass
LAuto & Transport
^
D5/29'20
U-10,000.00
T-10,000.00
C*
N1044
PLifetime Contractor Corp
LSubcontractors
^
D6/ 1'20
U-150.00
T-150.00
C*
PBusiness Solutions Purchas
LAccounting
^
D6/ 1'20
U-1,300.00
T-1,300.00
C*
PBusiness Solutions Purchas
LInsurance
^
D6/ 2'20
U-305.04
T-305.04
C*
PCitation Finance DES:INS.Pmts. I
LInsurance
^
D6/ 2'20
U-1,148.00
T-1,148.00
C*
PBluestone Insurance Age
LInsurance
^
D6/ 4'20
U-47.87
T-47.87
C*
PWawa
LAuto & Transport:Gas & Fuel
^
D6/10'20
U-35.15
T-35.15
C*
PAutozone
LAuto & Transport:Service & Parts
^
D6/11'20
U-232.16
T-232.16
C*
PLowe's
LConstruction Supplies
^
D6/12'20
U-57.52
T-57.52
C*
PExxon
LAuto & Transport:Gas & Fuel
^
D6/16'20
U-20.00
T-20.00
C*
PCastor A Ph
LPersonal
^
D6/16'20
U-130.05
T-130.05
C*
PJt Vac Sew
LBills & Utilities:Utilities
^
D6/17'20
U-52.23
T-52.23
C*
PAmera Palmyra Pal
LAuto & Transport:Gas & Fuel
^
D6/18'20
U-56.78
T-56.78
C*
PWawa
LAuto & Transport:Gas & Fuel
^
D6/23'20
U-151.80
T-151.80
C*
PUnited Fin Cas DES:INS Prem ID:0
LInsurance
^
D6/23'20
U-32.20
T-32.20
C*
PWawa
LAuto & Transport:Gas & Fuel
^
D6/26'20
U-43.01
T-43.01
C*
PDelta
LTravel:Air Travel
^
D6/30'20
U-1,530.00
T-1,530.00
C*
PBusiness Solutions Purchas
LInsurance
^
D7/ 1'20
U-150.00
T-150.00
C*
PBusiness Solutions Purchas
LAccounting
^
D7/ 1'20
U-752.95
T-752.95
C*
PPhila Water Ez
LBills & Utilities:Utilities
^
D7/ 1'20
U-1,052.00
T-1,052.00
C*
PBluestone Insurance Age
LInsurance
^
D7/ 2'20
U-305.04
T-305.04
C*
PCitation Finance DES:INS.Pmts. I
LInsurance
^
D7/14'20
U-37.29
T-37.29
C*
PHome Depot
LConstruction Supplies
^
D7/15'20
U-90.50
T-90.50
C*
PFoothill Service
LAuto & Transport:Service & Parts
^
D7/15'20
U-75.19
T-75.19
C*
PExxon
LAuto & Transport:Gas & Fuel
^
D7/16'20
U-193.89
T-193.89
C*
PHome Depot
LConstruction Supplies
^
D7/17'20
U-44.00
T-44.00
C*
PFoothill Service
LAuto & Transport:Service & Parts
^
D7/17'20
U-58.60
T-58.60
C*
PSunoco
LAuto & Transport:Gas & Fuel
^
D7/20'20
U-109.51
T-109.51
C*
PHome Depot
LConstruction Supplies
^
D7/20'20
U-35.59
T-35.59
C*
PO Rei Da
LPersonal
^
D7/20'20
U-46.45
T-46.45
C*
PGulf
LAuto & Transport:Gas & Fuel
^
D7/20'20
U-48.25
T-48.25
C*
PFoothill Service
LAuto & Transport:Service & Parts
^
D7/21'20
U-62.69
T-62.69
C*
PPetroleum Midd
LAuto & Transport:Gas & Fuel
^
D7/22'20
U25,000.00
T25,000.00
C*
NATM
PBkofamerica ATM
LDeposit
^
D7/22'20
U-151.80
T-151.80
C*
PUnited Fin Cas DES:INS Prem ID:0
LInsurance
^
D7/28'20
U-5,000.00
T-5,000.00
C*
N1046
PLifetime Contractor Corp
LSubcontractors
^
D8/ 3'20
U-150.00
T-150.00
C*
PBusiness Solutions Purchas
LAccounting
^
D8/ 4'20
U-305.04
T-305.04
C*
PCitation Finance DES:INS.Pmts. I
LInsurance
^
D8/ 4'20
U-1,052.00
T-1,052.00
C*
PBluestone Insurance Age
LInsurance
^
D8/ 4'20
U-18,000.00
T-18,000.00
C*
N1047
PLifetime Contractor Corp
LSubcontractors
^
D8/ 5'20
U-275.09
T-275.09
C*
PHome Depot
LConstruction Supplies
^
D8/ 6'20
U-20.00
T-20.00
C*
PSunoco
LPersonal
^
D8/ 7'20
U-61.75
T-61.75
C*
PDelta
LTravel:Air Travel
^
D8/24'20
U-151.80
T-151.80
C*
PUnited Fin Cas DES:INS Prem ID:0
LInsurance
^
D9/ 1'20
U-35.00
T-35.00
C*
POverdraft Item Fee For Activity
LFees & Charges:Bank Fee
^
D9/ 1'20
U-150.00
T-150.00
C*
PBusiness Solutions Purchas
LAccounting
^
D9/ 2'20
U45,400.00
T45,400.00
C*
NATM
PBkofamerica ATM
LDeposit
^
D9/ 2'20
U-305.04
T-305.04
C*
PCitation Finance DES:INS.Pmts. I
LInsurance
^
D9/ 9'20
U-40,000.00
T-40,000.00
C*
N1048
PLifetime Contractor Corp
LSubcontractors
^
D9/15'20
U65,000.00
T65,000.00
C*
NATM
PBkofamerica ATM
LDeposit
^
D9/21'20
U-2,747.73
T-2,747.73
C*
PAuxiliary Service Purc
LConstruction Supplies
^
D9/21'20
U-1,602.87
T-1,602.87
C*
PAuxiliary Service Purc
LConstruction Supplies
^
D9/21'20
U-861.00
T-861.00
C*
PSjra Haddonfield Office
LHealth & Fitness:Doctor
^
D9/22'20
U-151.80
T-151.80
C*
PUnited Fin Cas DES:INS Prem ID:0
LInsurance
^
D9/28'20
U-50.04
T-50.04
C*
PWawa
LAuto & Transport:Gas & Fuel
^
D10/ 1'20
U-150.00
T-150.00
C*
PBusiness Solutions 09/30 Purchas
LAccounting
^
D10/ 2'20
U-305.04
T-305.04
C*
PCitation Finance DES:INS.Pmts. I
LInsurance
^
D10/ 7'20
U-52.35
T-52.35
C*
PSunoco
LAuto & Transport:Gas & Fuel
^
D10/ 7'20
U-74.00
T-74.00
C*
PSunoco
LAuto & Transport:Gas & Fuel
^
D10/ 7'20
U-74.00
T-74.00
C*
PSunoco
LAuto & Transport:Gas & Fuel
^
D10/ 7'20
U-643.02
T-643.02
C*
PAuxiliary Service Purc
LConstruction Supplies
^
D10/ 8'20
U-326.12
T-326.12
C*
PLowe's
LConstruction Supplies
^
D10/13'20
U-12.95
T-12.95
C*
PAutozone
LAuto & Transport:Service & Parts
^
D10/13'20
U-1,039.28
T-1,039.28
C*
PWal-mart
LPersonal
^
D10/13'20
U-174.86
T-174.86
C*
PHome Depot
LConstruction Supplies
^
D10/13'20
U-74.00
T-74.00
C*
PSunoco
LAuto & Transport:Gas & Fuel
^
D10/13'20
U-64.00
T-64.00
C*
PSunoco
LAuto & Transport:Gas & Fuel
^
D10/13'20
U-23,000.00
T-23,000.00
C*
N1045
PLifetime Contractor Corp
LSubcontractors
^
D10/15'20
U-60.00
T-60.00
C*
PLukoil
LAuto & Transport:Gas & Fuel
^
D10/19'20
U-37.55
T-37.55
C*
PSunoco
LAuto & Transport:Gas & Fuel
^
D10/19'20
U-63.40
T-63.40
C*
PWawa
LAuto & Transport:Gas & Fuel
^
D10/21'20
U-43.38
T-43.38
C*
PLukoil
LAuto & Transport:Gas & Fuel
^
D10/21'20
U-75.00
T-75.00
C*
PLukoil
LAuto & Transport:Gas & Fuel
^
D10/22'20
U-166.47
T-166.47
C*
PUnited Fin Cas DES:INS Prem ID:0
LInsurance
^
D10/26'20
U-568.56
T-568.56
C*
PBluestone Insu Ph
LInsurance
^
D11/ 2'20
U-308.79
T-308.79
C*
PBull Boi Llc
LPersonal
^
D11/ 2'20
U-145.50
T-145.50
C*
PCommonwealth Auto Tags
LTax
^
D11/ 2'20
U-150.00
T-150.00
C*
PBusiness Solutions Purchas
LAccounting
^
D11/ 2'20
U-72.58
T-72.58
C*
PShell
LAuto & Transport:Gas & Fuel
^
D11/ 3'20
U-305.04
T-305.04
C*
PCitation Finance DES:INS.Pmts. I
LInsurance
^
D11/ 3'20
U-177.53
T-177.53
C*
PAuxiliary Service Purc
LConstruction Supplies
^
D11/ 4'20
U-45.00
T-45.00
C*
PGirard Gas Philad
LAuto & Transport:Gas & Fuel
^
D11/ 5'20
U-40.00
T-40.00
C*
PLukoil
LAuto & Transport:Gas & Fuel
^
D11/ 6'20
U-70.00
T-70.00
C*
PLukoil
LAuto & Transport:Gas & Fuel
^
D11/10'20
U-25.87
T-25.87
C*
PHome Depot
LConstruction Supplies
^
D11/12'20
U-57.54
T-57.54
C*
PWawa
LAuto & Transport:Gas & Fuel
^
D11/16'20
U-27.10
T-27.10
C*
PHome Depot
LConstruction Supplies
^
D11/16'20
U-63.91
T-63.91
C*
PConoco
LAuto & Transport:Gas & Fuel
^
D11/17'20
U-176.68
T-176.68
C*
PSam's Club
LPersonal
^
D11/20'20
U-19.00
T-19.00
C*
PSunoco
LPersonal
^
D11/20'20
U-56.46
T-56.46
C*
PShell
LAuto & Transport:Gas & Fuel
^
D11/23'20
U-69.55
T-69.55
C*
PWawa
LAuto & Transport:Gas & Fuel
^
D11/23'20
U-68.47
T-68.47
C*
PShell
LAuto & Transport:Gas & Fuel
^
D11/24'20
U-403.97
T-403.97
C*
PUnited Fin Cas DES:INS Prem ID:0
LInsurance
^
D11/30'20
U-60.00
T-60.00
C*
PLukoil
LAuto & Transport:Gas & Fuel
^
D12/ 1'20
U-150.00
T-150.00
C*
PBusiness Solutions 11/30 Purchas
LAccounting
^
D12/ 2'20
U-305.08
T-305.08
C*
PCitation Finance DES:INS.Pmts. I
LInsurance
^
D12/ 2'20
U-1,115.77
T-1,115.77
C*
PStaples
LOffice
^
D12/ 2'20
U-56.91
T-56.91
C*
PWawa
LAuto & Transport:Gas & Fuel
^
D12/ 3'20
U-75.00
T-75.00
C*
PWawa
LAuto & Transport:Gas & Fuel
^
D12/ 7'20
U-156.57
T-156.57
C*
PTarget
LPersonal
^
D12/ 7'20
U-185.02
T-185.02
C*
PAuxiliary Service Purc
LConstruction Supplies
^
D12/ 7'20
U-128.74
T-128.74
C*
PAuxiliary Service Purc
LConstruction Supplies
^
D12/ 8'20
U-75.00
T-75.00
C*
PWawa
LAuto & Transport:Gas & Fuel
^
D12/10'20
U-57.08
T-57.08
C*
PWawa
LAuto & Transport:Gas & Fuel
^
D12/14'20
U-56.74
T-56.74
C*
PWawa
LAuto & Transport:Gas & Fuel
^
D12/14'20
U-75.00
T-75.00
C*
PWawa
LAuto & Transport:Gas & Fuel
^
D12/16'20
U-22.00
T-22.00
C*
PLukoil
LPersonal
^
D12/16'20
U-75.00
T-75.00
C*
PLukoil
LAuto & Transport:Gas & Fuel
^
D12/16'20
U-71.93
T-71.93
C*
PWawa
LAuto & Transport:Gas & Fuel
^
D12/16'20
U-58.77
T-58.77
C*
PWawa
LAuto & Transport:Gas & Fuel
^
D12/16'20
U-65.32
T-65.32
C*
PEl Balconcito Ii
LPersonal
^
D12/16'20
U-20,000.00
T-20,000.00
C*
N1015
PLifetime Contractor Corp
LSubcontractors
^
D12/17'20
U17,788.75
T17,788.75
C*
NATM
PBkofamerica ATM
LDeposit
^
D12/18'20
U-75.00
T-75.00
C*
PToknow Covtest
LHealth & Fitness
^
D12/18'20
U-75.00
T-75.00
C*
PToknow Covtest
LHealth & Fitness
^
D12/18'20
U-75.00
T-75.00
C*
PToknow Covtest
LHealth & Fitness
^
D12/18'20
U-119.99
T-119.99
C*
PScrunchcase Purcha
LPersonal
^
D12/21'20
U-493.03
T-493.03
C*
PAuxiliary Service Purc
LConstruction Supplies
^
D12/22'20
U-403.96
T-403.96
C*
PUnited Fin Cas DES:INS Prem ID:0
LInsurance
^
D12/22'20
U-30.00
T-30.00
C*
PWawa
LAuto & Transport:Gas & Fuel
^
D12/22'20
U-75.00
T-75.00
C*
PWawa
LAuto & Transport:Gas & Fuel
^
D12/28'20
U-142.56
T-142.56
C*
PEnishebibov Fbp Pu
LPersonal
^
D12/29'20
U-51.10
T-51.10
C*
PWawa
LAuto & Transport:Gas & Fuel
^
D12/31'20
U-4,904.80
T-4,904.80
C*
PLouis Vuitton Sho
LPersonal
^
D12/31'20
U-47.00
T-47.00
C*
PWawa
LAuto & Transport:Gas & Fuel
^
D12/31'20
U-226.80
T-226.80
C*
PJonathanmau Fbp Pu
LPersonal
^
D1/ 4'21
U-650.00
T-650.00
C*
PBusiness Solutions Purchas
LInsurance
^
D1/ 4'21
U-170.00
T-170.00
C*
PBusiness Solutions Purchas
LAccounting
^
D1/ 4'21
U-66.66
T-66.66
C*
PShell
LAuto & Transport:Gas & Fuel
^
D1/ 4'21
U-1,047.28
T-1,047.28
C*
PEbay
LPersonal
^
D1/ 6'21
U55,242.50
T55,242.50
C*
NATM
PBkofamerica ATM
LDeposit
^
D1/ 6'21
U-140.06
T-140.06
C*
PWal-mart
LPersonal
^
D1/ 6'21
U-513.26
T-513.26
C*
PSam's Club
MSAMSCLUB #6332 PHILADELPHIA/PA US CARD PURCHASE
LPersonal
^
D1/ 8'21
U10,307.50
T10,307.50
C*
NATM
PBkofamerica ATM
LDeposit
^
D1/ 8'21
U-300.00
T-300.00
C*
NATM
PBkofamerica ATM
LWithdrawals
^
D1/11'21
U-60,000.00
T-60,000.00
C*
N1049
PGarden Builders
LSubcontractors
^
D1/12'21
U-1,315.71
T-1,315.71
C*
PAuxiliary Service Purc
LConstruction Supplies
^
D1/12'21
U-765.01
T-765.01
C*
PAuxiliary Service Purc
LConstruction Supplies
^
D1/12'21
U-426.07
T-426.07
C*
PAuxiliary Service Purc
LConstruction Supplies
^
D1/13'21
U37,525.00
T37,525.00
C*
NATM
PBkofamerica ATM
LDeposit
^
D1/15'21
U837.83
T837.83
C*
NATM
PEbay O Refu
LDeposit
^
D1/19'21
U-204.10
T-204.10
C*
PAuxiliary Service Inc 01/18 Purc
LConstruction Supplies
^
D1/19'21
U-930.95
T-930.95
C*
PAuxiliary Service Inc 01/18 Purc
LConstruction Supplies
^
D1/19'21
U-74.52
T-74.52
C*
PAlan Miller Fbp
LPersonal
^
D1/19'21
U-16.74
T-16.74
C*
PXiafei Ye Fbpay
LPersonal
^
D1/19'21
U-23.22
T-23.22
C*
PErickvasque Fbp Pu
LPersonal
^
D1/19'21
U-292.15
T-292.15
C*
PAuxiliary Service Purc
LConstruction Supplies
^
D1/20'21
U-38.27
T-38.27
C*
PWawa
MWAWA 8347 0 CHERRY HILL /NJ US CARD PURCHASE
LAuto & Transport:Gas & Fuel
^
D1/20'21
U-33.60
T-33.60
C*
PWawa
MWAWA 8347 0 CHERRY HILL /NJ US CARD PURCHASE
LAuto & Transport:Gas & Fuel
^
D1/20'21
U-75.00
T-75.00
C*
PWawa
MWAWA 8347 0 CHERRY HILL /NJ US CARD PURCHASE
LAuto & Transport:Gas & Fuel
^
D1/20'21
U-103.79
T-103.79
C*
PAuxiliary Service Purc
LConstruction Supplies
^
D1/20'21
U-322.92
T-322.92
C*
PApple
LPersonal
^
D1/20'21
U-376.92
T-376.92
C*
PApple
LPersonal
^
D1/20'21
U-54.00
T-54.00
C*
PRomanwillia Fbp Pu
LPersonal
^
D1/20'21
U-21.60
T-21.60
C*
PFaisalsiddi Fbp Pu
LPersonal
^
D1/20'21
U-112.32
T-112.32
C*
PAli Amri Fbpay
LPersonal
^
D1/21'21
U-900.72
T-900.72
C*
PApple
LPersonal
^
D1/21'21
U-139.32
T-139.32
C*
PApple
LPersonal
^
D1/21'21
U-139.32
T-139.32
C*
PApple
LPersonal
^
D1/21'21
U-62.64
T-62.64
C*
PFrancescrow Fbp Pu
LPersonal
^
D1/22'21
U-139.32
T-139.32
C*
PApple
LPersonal
^
D1/25'21
U37,905.00
T37,905.00
C*
NATM
PBkofamerica ATM
LDeposit
^
D1/25'21
U-60.77
T-60.77
C*
PConoco
LAuto & Transport:Gas & Fuel
^
D1/25'21
U-486.21
T-486.21
C*
PAuxiliary Service Inc 01/23 Purc
LConstruction Supplies
^
D1/25'21
U-55.53
T-55.53
C*
PExxon
MEXXONMOBIL 4 NEW BRUNSWICK /NJ US CARD PURCHASE
LAuto & Transport:Gas & Fuel
^
D1/25'21
U-1,348.92
T-1,348.92
C*
PApple
LPersonal
^
D1/25'21
U-139.32
T-139.32
C*
PApple
LPersonal
^
D1/25'21
U-1,348.92
T-1,348.92
C*
PApple
LPersonal
^
D1/25'21
U-139.32
T-139.32
C*
PApple
LPersonal
^
D1/25'21
U-280.80
T-280.80
C*
PEnishebibov Fbp Pu
LPersonal
^
D1/25'21
U-171.72
T-171.72
C*
PJonathanmau Fbp Pu
LPersonal
^
D1/26'21
U-38.63
T-38.63
C*
PWawa
MWAWA 8347 0 CHERRY HILL /NJ US CARD PURCHASE
LAuto & Transport:Gas & Fuel
^
D1/26'21
U-50,000.00
T-50,000.00
C*
N1050
PGarden Builders
LSubcontractors
^
D1/27'21
U-18.40
T-18.40
C*
PWawa
MWAWA 8347 0 CHERRY HILL /NJ US CARD PURCHASE
LPersonal
^
D1/27'21
U-75.00
T-75.00
C*
PWawa
MWAWA 8347 0 CHERRY HILL /NJ US CARD PURCHASE
LAuto & Transport:Gas & Fuel
^
D1/27'21
U-21.60
T-21.60
C*
PJennifervos Fbp Pu
LPersonal
^
D1/28'21
U-58.98
T-58.98
C*
PWawa
MWAWA 8347 0 CHERRY HILL /NJ US CARD PURCHASE
LAuto & Transport:Gas & Fuel
^
D2/ 1'21
U-75.00
T-75.00
C*
PWawa
MWAWA 8339 0 LAWRENCE TWP /NJ US CARD PURCHASE
LAuto & Transport:Gas & Fuel
^
D2/ 1'21
U-36,800.00
T-36,800.00
C*
N1016
PGarden Builders
LSubcontractors
^
D2/ 3'21
U-29.67
T-29.67
C*
PJinshenghes Eba Pu
LPersonal
^
D2/ 3'21
U-29.67
T-29.67
C*
PJinshenghes Eba Pu
LPersonal
^
D2/ 4'21
U-170.00
T-170.00
C*
PBusiness Solutions Purchas
LAccounting
^
D2/ 5'21
U-0.99
T-0.99
C*
PForeign Transaction Fee
LFees & Charges:Service Fee
^
D2/ 5'21
U-64.23
T-64.23
C*
PConoco
LAuto & Transport:Gas & Fuel
^
D2/ 5'21
U-120.96
T-120.96
C*
PRicky Diaz Fbpa
LPersonal
^
D2/ 5'21
U-32.98
T-32.98
C*
PXunchen Xu Pur
LPersonal
^
D2/ 8'21
U-34.56
T-34.56
C*
PIsrael Lema Fbp
LPersonal
^
D2/ 9'21
U-37.00
T-37.00
C*
P15th Sansom
LAuto & Transport:Parking
^
D2/ 9'21
U-1,168.27
T-1,168.27
C*
PAuxiliary Service Purc
LConstruction Supplies
^
D2/ 9'21
U-413.28
T-413.28
C*
PAuxiliary Service Purc
LConstruction Supplies
^
D2/11'21
U35,910.00
T35,910.00
C*
NATM
PBkofamerica ATM
LDeposit
^
D2/16'21
U-74.23
T-74.23
C*
PWawa
MWAWA 8339 0 LAWRENCE TWP /NJ US CARD PURCHASE
LAuto & Transport:Gas & Fuel
^
D2/16'21
U-52.87
T-52.87
C*
PWawa
MWAWA 8339 0 LAWRENCE TWP /NJ US CARD PURCHASE
LAuto & Transport:Gas & Fuel
^
D2/16'21
U-413.28
T-413.28
C*
PAuxiliary Service Purc
LConstruction Supplies
^
D2/16'21
U-169.95
T-169.95
C*
PSafetywearh Purcha
LPersonal
^
D2/16'21
U-892.56
T-892.56
C*
PAuxiliary Service Purc
LConstruction Supplies
^
D2/16'21
U-60.00
T-60.00
C*
PLukoil
MLUKOIL 57729 PRINCETON /NJ US CARD PURCHASE
LAuto & Transport:Gas & Fuel
^
D2/16'21
U-30,000.00
T-30,000.00
C*
N1018
PAdvanced Contractor Corp
LSubcontractors
^
D2/16'21
U-1,500.00
T-1,500.00
C*
N1020
PReinaldo Carvalho De Rocha
LPersonal
^
D2/17'21
U-75.00
T-75.00
C*
PWawa
MWAWA 8339 0 LAWRENCE TWP /NJ US CARD PURCHASE
LAuto & Transport:Gas & Fuel
^
D2/22'21
U-21.60
T-21.60
C*
PQuickbooks
LOffice
^
D2/23'21
U-254.72
T-254.72
C*
PAuxiliary Service Purc
LConstruction Supplies
^
D2/23'21
U-46.28
T-46.28
C*
PWawa
MWAWA 8339 0 LAWRENCE TWP /NJ US CARD PURCHASE
LAuto & Transport:Gas & Fuel
^
D2/24'21
U-13.51
T-13.51
C*
PWawa
MWAWA 8339 0 LAWRENCE TWP /NJ US CARD PURCHASE
LPersonal
^
D2/24'21
U-72.30
T-72.30
C*
PWawa
MWAWA 8339 0 LAWRENCE TWP /NJ US CARD PURCHASE
LAuto & Transport:Gas & Fuel
^
D2/25'21
U24,795.00
T24,795.00
C*
NATM
PBkofamerica ATM
LDeposit
^
D2/25'21
U-500.00
T-500.00
C*
N1017
PIsmael Retamaso
LLabor
^
D2/26'21
U-515.00
T-515.00
C*
PBluestone Insurance Age
LInsurance
^
D3/ 1'21
U-1,457.00
T-1,457.00
C*
PTravelers DES:BUS Insur ID:BPITB
LInsurance
^
D3/ 1'21
U-75.00
T-75.00
C*
PWawa
MWAWA 8030 PHILADELPHIA/PA US CARD PURCHASE
LAuto & Transport:Gas & Fuel
^
D3/ 1'21
U-170.00
T-170.00
C*
PBusiness Solutions Purchas
LAccounting
^
D3/ 1'21
U-766.34
T-766.34
C*
PAuxiliary Service Purc
LConstruction Supplies
^
D3/ 1'21
U-531.79
T-531.79
C*
PAuxiliary Service Purc
LConstruction Supplies
^
D3/ 1'21
U-72.00
T-72.00
C*
POtt Associates
LInsurance
^
D3/ 1'21
U-64.80
T-64.80
C*
PDustinlewis Fbp Pu
LPersonal
^
D3/ 2'21
U-68.20
T-68.20
C*
PWawa
MWAWA 8030 PHILADELPHIA/PA US CARD PURCHASE
LAuto & Transport:Gas & Fuel
^
D3/ 3'21
U-20,000.00
T-20,000.00
C*
N1022
PAdvanced Contractor Corp
LSubcontractors
^
D3/ 5'21
U-133.93
T-133.93
C*
PLowe's
MLOWE'S #1185 PRINCETON /NJ US CARD PURCHASE
LConstruction Supplies
^
D3/ 5'21
U-71.52
T-71.52
C*
PWawa
MWAWA 8030 PHILADELPHIA/PA US CARD PURCHASE
LAuto & Transport:Gas & Fuel
^
D3/ 5'21
U-30.14
T-30.14
C*
PWawa
MWAWA 8030 PHILADELPHIA/PA US CARD PURCHASE
LAuto & Transport:Gas & Fuel
^
D3/ 8'21
U-70.00
T-70.00
C*
PWawa
MWAWA 8030 PHILADELPHIA/PA US CARD PURCHASE
LAuto & Transport:Gas & Fuel
^
D3/ 8'21
U-70.00
T-70.00
C*
PWawa
MWAWA 8030 PHILADELPHIA/PA US CARD PURCHASE
LAuto & Transport:Gas & Fuel
^
D3/ 8'21
U-0.44
T-0.44
C*
PWawa
MWAWA 8030 PHILADELPHIA/PA US CARD PURCHASE
LPersonal
^
D3/ 8'21
U-287.78
T-287.78
C*
PAuxiliary Service Purc
LConstruction Supplies
^
D3/ 8'21
U-76.93
T-76.93
C*
PEcono Lodge
LPersonal
^
D3/ 9'21
U-15.35
T-15.35
C*
PWawa
MWAWA 8030 PHILADELPHIA/PA US CARD PURCHASE
LPersonal
^
D3/ 9'21
U-30.22
T-30.22
C*
PWawa
MWAWA 8030 PHILADELPHIA/PA US CARD PURCHASE
LAuto & Transport:Gas & Fuel
^
D3/ 9'21
U-75.00
T-75.00
C*
PWawa
MWAWA 8030 PHILADELPHIA/PA US CARD PURCHASE
LAuto & Transport:Gas & Fuel
^
D3/ 9'21
U-808.74
T-808.74
C*
PAuxiliary Service Purc
LConstruction Supplies
^
D3/ 9'21
U-79.92
T-79.92
C*
PEcono Lodge
LPersonal
^
D3/ 9'21
U-79.92
T-79.92
C*
PEcono Lodge
LPersonal
^
D3/ 9'21
U-79.92
T-79.92
C*
PEcono Lodge
LPersonal
^
D3/ 9'21
U-76.93
T-76.93
C*
PEcono Lodge
LPersonal
^
D3/ 9'21
U-153.86
T-153.86
C*
PEcono Lodge
LPersonal
^
D3/ 9'21
U-153.86
T-153.86
C*
PEcono Lodge
LPersonal
^
D3/10'21
U-35.00
T-35.00
C*
PNSF: Returned Item Fee For Activ
LFees & Charges:Bank Fee
^
D3/10'21
U-5,489.66
T-5,489.66
C*
N1021
PDepartment Of Treasury
LPersonal
^
D3/11'21
U5,489.66
T5,489.66
C*
PReturn Posted Item
LDeposit
^
D3/11'21
U-76.93
T-76.93
C*
PEcono Lodge
LPersonal
^
D3/11'21
U-76.93
T-76.93
C*
PEcono Lodge
LPersonal
^
D3/12'21
U-35.00
T-35.00
C*
PNSF: Returned Item Fee For Activ
LFees & Charges:Bank Fee
^
D3/12'21
U-57.61
T-57.61
C*
PWawa
MWAWA 8030 PHILADELPHIA/PA US CARD PURCHASE
LAuto & Transport:Gas & Fuel
^
D3/12'21
U-62.50
T-62.50
C*
PShell
MSHELL OIL 57546 TRENTON /NJ US CARD PURCHASE
LAuto & Transport:Gas & Fuel
^
D3/12'21
U-5,489.66
T-5,489.66
C*
N1021
PDepartment Of Treasury
LPersonal
^
D3/15'21
U5,489.66
T5,489.66
C*
PReturn Posted Item
LDeposit
^
D3/18'21
U21,422.50
T21,422.50
C*
NATM
PBkofamerica ATM
LDeposit
^
D3/18'21
U-62.46
T-62.46
C*
PHome Depot
MTHE HOME DEPOT ST CLAIR /PA US CARD PURCHASE
LConstruction Supplies
^
D3/19'21
U-137.27
T-137.27
C*
PLowe's
MLOWE'S #1185 PRINCETON /NJ US CARD PURCHASE
LConstruction Supplies
^
D3/19'21
U-84.00
T-84.00
C*
PNarciso Printing Pur
LOffice
^
D3/22'21
U-25.09
T-25.09
C*
PSunoco
MSUNOCO 08351769 PALMYRA /NJ US CARD PURCHASE
LPersonal
^
D3/22'21
U-401.12
T-401.12
C*
PAuxiliary Service Purc
LConstruction Supplies
^
D3/22'21
U-21.60
T-21.60
C*
PQuickbooks
LOffice
^
D3/22'21
U-140.00
T-140.00
C*
PBrazilian Barbeque Cas
LPersonal
^
D3/23'21
U-290.50
T-290.50
C*
PUnited Fin Cas DES:INS Prem ID:0
LInsurance
^
D3/23'21
U-66.01
T-66.01
C*
PLukoil
MLUKOIL 57729 PRINCETON /NJ US CARD PURCHASE
LAuto & Transport:Gas & Fuel
^
D3/24'21
U-160.75
T-160.75
C*
PLowe's
MLOWE'S #1185 PRINCETON /NJ US CARD PURCHASE
LConstruction Supplies
^
D3/24'21
U-309.26
T-309.26
C*
PAuxiliary Service Purc
LConstruction Supplies
^
D3/24'21
U-75.00
T-75.00
C*
PWawa
MWAWA 8030 PHILADELPHIA/PA US CARD PURCHASE
LAuto & Transport:Gas & Fuel
^
D3/25'21
U-75.00
T-75.00
C*
PLukoil
MLUKOIL 57729 PRINCETON /NJ US CARD PURCHASE
LAuto & Transport:Gas & Fuel
^
D3/25'21
U-75.00
T-75.00
C*
PLukoil
MLUKOIL 57729 PRINCETON /NJ US CARD PURCHASE
LAuto & Transport:Gas & Fuel
^
D3/25'21
U-417.27
T-417.27
C*
PAuxiliary Service Purc
LConstruction Supplies
^
D3/26'21
U-2,240.19
T-2,240.19
C*
PAuxiliary Service Purc
LConstruction Supplies
^
D3/26'21
U-9.72
T-9.72
C*
PBrunoherrer Fbp Pu
LPersonal
^
D3/29'21
U-75.00
T-75.00
C*
PWawa
MWAWA 8030 PHILADELPHIA/PA US CARD PURCHASE
LAuto & Transport:Gas & Fuel
^
D3/29'21
U-79.29
T-79.29
C*
PShell
MSHELL OIL 57546 TRENTON /NJ US CARD PURCHASE
LAuto & Transport:Gas & Fuel
^
D3/29'21
U-401.12
T-401.12
C*
PAuxiliary Service Purc
LConstruction Supplies
^
D3/31'21
U-68.61
T-68.61
C*
PWawa
MWAWA 8030 PHILADELPHIA/PA US CARD PURCHASE
LAuto & Transport:Gas & Fuel
^
D4/ 1'21
U-170.00
T-170.00
C*
PBusiness Solutions 03/31 Purchas
LAccounting
^
D4/ 2'21
U-67.62
T-67.62
C*
PSunoco
MSUNOCO 08351769 PALMYRA /NJ US CARD PURCHASE
LAuto & Transport:Gas & Fuel
^
D4/ 5'21
U-281.32
T-281.32
C*
PPremfinance
LInsurance
^
D4/ 5'21
U-92.75
T-92.75
C*
PPep Boys
LAuto & Transport:Service & Parts
^
D4/ 5'21
U-92.75
T-92.75
C*
PPep Boys
LAuto & Transport:Service & Parts
^
D4/ 5'21
U-53.29
T-53.29
C*
PLowe's
MLOWE'S #1185 PRINCETON /NJ US CARD PURCHASE
LConstruction Supplies
^
D4/ 5'21
U-67.09
T-67.09
C*
PWawa
MWAWA 8030 PHILADELPHIA/PA US CARD PURCHASE
LAuto & Transport:Gas & Fuel
^
D4/ 6'21
U-1.50
T-1.50
C*
PSystems East In
LOffice
^
D4/ 6'21
U-1,008.25
T-1,008.25
C*
PJimcor Agencies
LInsurance
^
D4/ 6'21
U-75.00
T-75.00
C*
PLukoil
MLUKOIL 57729 PRINCETON /NJ US CARD PURCHASE
LAuto & Transport:Gas & Fuel
^
D4/ 6'21
U-75.00
T-75.00
C*
PLukoil
MLUKOIL 57729 PRINCETON /NJ US CARD PURCHASE
LAuto & Transport:Gas & Fuel
^
D4/ 7'21
U-511.80
T-511.80
C*
PAuxiliary Service Purc
LConstruction Supplies
^
D4/ 8'21
U-92.67
T-92.67
C*
PHome Depot
MTHE HOME DEPOT ST CLAIR /PA US CARD PURCHASE
LConstruction Supplies
^
D4/ 9'21
U-75.00
T-75.00
C*
PLukoil
MLUKOIL 57729 PRINCETON /NJ US CARD PURCHASE
LAuto & Transport:Gas & Fuel
^
D4/12'21
U-52.18
T-52.18
C*
PShell
MSHELL OIL 57546 TRENTON /NJ US CARD PURCHASE
LAuto & Transport:Gas & Fuel
^
D4/12'21
U-18.26
T-18.26
C*
PWawa
MWAWA 8030 PHILADELPHIA/PA US CARD PURCHASE
LPersonal
^
D4/12'21
U-158.70
T-158.70
C*
PHome Depot
MTHE HOME DEPOT ST CLAIR /PA US CARD PURCHASE
LConstruction Supplies
^
D4/12'21
U-50.28
T-50.28
C*
PBp
LAuto & Transport:Gas & Fuel
^
D4/12'21
U-102.60
T-102.60
C*
PLee Tran Fbpay
LAuto & Transport
^
D4/12'21
U-120.96
T-120.96
C*
PAaronbatema Fbp Pu
LPersonal
^
D4/13'21
U-336.96
T-336.96
C*
PBoris Solo Fbpa
LAuto & Transport
^
D4/13'21
U-23,000.00
T-23,000.00
C*
N1024
PGarden Builders
LSubcontractors
^
D4/14'21
U-50.93
T-50.93
C*
PWawa
MWAWA 8030 PHILADELPHIA/PA US CARD PURCHASE
LAuto & Transport:Gas & Fuel
^
D4/16'21
U-199.99
T-199.99
C*
PLowe's
MLOWE'S #1185 PRINCETON /NJ US CARD PURCHASE
LConstruction Supplies
^
D4/16'21
U-7.77
T-7.77
C*
PMcdonald's
LPersonal
^
D4/19'21
U-7.99
T-7.99
C*
PMcdonald's
LPersonal
^
D4/19'21
U-67.76
T-67.76
C*
PLukoil
MLUKOIL 57729 PRINCETON /NJ US CARD PURCHASE
LAuto & Transport:Gas & Fuel
^
D4/19'21
U-345.60
T-345.60
C*
PUri Gonen Fbpay
LOffice
^
D4/20'21
U-21.60
T-21.60
C*
PQuickbooks
LOffice
^
D4/21'21
U-86.94
T-86.94
C*
PAndreastric Fbp Pu
LPersonal
^
D4/21'21
U-323.99
T-323.99
C*
PNelsonnguye Fbp Pu
LHealth & Fitness
^
D4/22'21
U-290.50
T-290.50
C*
PUnited Fin Cas DES:INS Prem ID:0
LInsurance
^
D4/23'21
U-400.96
T-400.96
C*
PPep Boys
LAuto & Transport:Service & Parts
^
D4/23'21
U-83.61
T-83.61
C*
PShell
MSHELL OIL 57546 TRENTON /NJ US CARD PURCHASE
LAuto & Transport:Gas & Fuel
^
D4/23'21
U-63.37
T-63.37
C*
PShell
MSHELL OIL 57546 TRENTON /NJ US CARD PURCHASE
LAuto & Transport:Gas & Fuel
^
D4/26'21
U-40.00
T-40.00
C*
PConoco
MCONOCO - KERRIG PHILADELPHIA /PA US CARD PURCHASE
LAuto & Transport:Gas & Fuel
^
D4/26'21
U-89.00
T-89.00
C*
PUnited Education Pu
LEducation:Student Loan
^
D4/26'21
U-109.98
T-109.98
C*
PPep Boys
LAuto & Transport:Service & Parts
^
D4/29'21
U21,280.00
T21,280.00
C*
NATM
PBkofamerica ATM
LDeposit
^
D5/ 4'21
U-35.00
T-35.00
C*
PNSF: Returned Item Fee For Activ
LFees & Charges:Bank Fee
^
D5/ 4'21
U-281.32
T-281.32
C*
PPremfinance
LInsurance
^
D5/ 4'21
U-170.00
T-170.00
C*
PBusiness Solutions Purchas
LAccounting
^
D5/ 5'21
U281.32
T281.32
C*
PReturn Posted Item
LDeposit
^
D5/ 5'21
U-275.28
T-275.28
C*
PSoutherncarlson O
LConstruction Supplies
^
D5/ 7'21
U-35.00
T-35.00
C*
PNSF: Returned Item Fee For Activ
LFees & Charges:Bank Fee
^
D5/ 7'21
U-281.32
T-281.32
C*
PPremfinance
LInsurance
^
D5/10'21
U281.32
T281.32
C*
PReturn Posted Item
LDeposit
^
D5/11'21
U-2,315.57
T-2,315.57
C*
N991
PAlcides Estevees
LLabor
^
D5/13'21
U-315.39
T-315.39
C*
PPremfinance
LInsurance
^
D5/14'21
U-51.01
T-51.01
C*
PWawa
MWAWA 8339 0 LAWRENCE TWP /NJ US CARD PURCHASE
LAuto & Transport:Gas & Fuel
^
D5/17'21
U-452.46
T-452.46
C*
POfficemax
MOFFICE MAX/OFFI PHILADELPHIA/PA US CARD PURCHASE
LOffice
^
D5/18'21
U-301.32
T-301.32
C*
PDigital Service Pu
LPersonal
^
D5/20'21
U-43.20
T-43.20
C*
PQuickbooks
LOffice
^
D5/24'21
U-562.88
T-562.88
C*
PUnited Fin Cas DES:INS Prem ID:0
LInsurance
^
D5/24'21
U-89.00
T-89.00
C*
PUnited Education Pu
LEducation:Student Loan
^
D6/ 1'21
U1,000.00
T1,000.00
C*
NATM
PBkofamerica ATM
LDeposit
^
D6/ 1'21
U-2,500.00
T-2,500.00
C*
N992
PVip Construction Llc
LSubcontractors
^
D6/ 1'21
U-15,000.00
T-15,000.00
C*
N1025
PVip Construction Llc
LSubcontractors
^
D6/ 2'21
U-170.00
T-170.00
C*
PBusiness Solutions Purchas
LAccounting
^
D6/ 2'21
U-24.84
T-24.84
C*
PDevanshitri Fbp Pu
LPersonal
^
D6/ 2'21
U-72.36
T-72.36
C*
PNicholasger Fbp Pu
LPersonal
^
D6/ 6'21
U-57,679.00
T-57,679.00
PTruck Purchase
LTruck Purchase2
^
D6/14'21
U-169.75
T-169.75
C*
PE-zpass
LAuto & Transport
^
D6/14'21
U-34.00
T-34.00
C*
PE-zpass
LAuto & Transport
^
D6/21'21
U-43.20
T-43.20
C*
PIntuit
LOffice
^
D6/22'21
U-35.00
T-35.00
C*
POverdraft Item Fee For Activity
LFees & Charges:Bank Fee
^
D6/22'21
U-562.88
T-562.88
C*
PUnited Fin Cas DES:INS Prem ID:0
LInsurance
^
D6/23'21
U1,000.00
T1,000.00
C*
NATM
PBkofamerica ATM
LDeposit
^
D6/23'21
U-20.00
T-20.00
C*
PSam's Club
MSAMSCLUB #6332 PHILADELPHIA/PA US CARD PURCHASE
LPersonal
^
D6/23'21
U-48.60
T-48.60
C*
PHaroonchoud Fbp Pu
LPersonal
^
D6/24'21
U-89.00
T-89.00
C*
PUnited Education Pu
LEducation:Student Loan
^
D6/28'21
U-162.60
T-162.60
C*
PHome Depot
MTHE HOME DEPOT ST CLAIR /PA US CARD PURCHASE
LConstruction Supplies
^
D6/28'21
U-58.07
T-58.07
C*
PBp
LAuto & Transport:Gas & Fuel
^
D6/30'21
U-35.00
T-35.00
C*
POverdraft Item Fee For Activity
LFees & Charges:Bank Fee
^
D6/30'21
U-35.00
T-35.00
C*
POverdraft Item Fee For Activity
LFees & Charges:Bank Fee
^
D6/30'21
U-73.42
T-73.42
C*
PSunoco
MSUNOCO 08351769 PALMYRA /NJ US CARD PURCHASE
LAuto & Transport:Gas & Fuel
^
D6/30'21
U-11.61
T-11.61
C*
PEnriqueguzm Fbp Pu
LPersonal
^
D7/ 1'21
U-170.00
T-170.00
C*
PBusiness Solutions Purchas
LAccounting
^
D7/ 9'21
U-35.00
T-35.00
C*
POverdraft Item Fee For Activity
LFees & Charges:Bank Fee
^
D7/ 9'21
U-155.00
T-155.00
C*
PE-zpass
LAuto & Transport
^
D7/12'21
U-35.00
T-35.00
C*
POverdraft Item Fee For Activity
LFees & Charges:Bank Fee
^
D7/12'21
U-11.61
T-11.61
C*
PEnriqueguzm Fbp Pu
LPersonal
^
D7/13'21
U500.00
T500.00
C*
NATM
PBkofamerica ATM
LDeposit
^
D7/20'21
U-35.00
T-35.00
C*
POverdraft Item Fee For Activity
LFees & Charges:Bank Fee
^
D7/20'21
U-43.20
T-43.20
C*
PIntuit
LOffice
^
D7/21'21
U-35.00
T-35.00
C*
POverdraft Item Fee For Activity
LFees & Charges:Bank Fee
^
D7/21'21
U-113.23
T-113.23
C*
PAuxiliary Service Purc
LConstruction Supplies
^
D7/26'21
U400.00
T400.00
C*
NATM
PBkofamerica ATM
LDeposit
^
D7/26'21
U-89.00
T-89.00
C*
PUnited Education Pu
LEducation:Student Loan
^
D7/27'21
U4,410.00
T4,410.00
C*
NATM
PBkofamerica ATM
LDeposit
^
D7/30'21
U-155.96
T-155.96
C*
PAuxiliary Service Purc
LConstruction Supplies
^
D8/ 2'21
U-170.00
T-170.00
C*
PBusiness Solutions Purchas
LAccounting
^
D8/ 3'21
U-20.00
T-20.00
C*
PConoco
MCONOCO - KERRIG PHILADELPHIA /PA US CARD PURCHASE
LPersonal
^
D8/ 5'21
U-71.01
T-71.01
C*
PConoco
MCONOCO - KERRIG PHILADELPHIA /PA US CARD PURCHASE
LAuto & Transport:Gas & Fuel
^
D8/ 5'21
U-51.49
T-51.49
C*
PConoco
MCONOCO - KERRIG PHILADELPHIA /PA US CARD PURCHASE
LAuto & Transport:Gas & Fuel
^
D8/ 9'21
U-406.66
T-406.66
C*
PSam's Club
MSAMSCLUB #6332 PHILADELPHIA/PA US CARD PURCHASE
LPersonal
^
D8/ 9'21
U-136.28
T-136.28
C*
PWal-mart
LPersonal
^
D8/ 9'21
U-459.24
T-459.24
C*
POfficemax
MOFFICE MA 7231 PHILADELPHIA/PA US CARD PURCHASE
LOffice
^
D8/10'21
U-900.00
T-900.00
C*
NATM
PBkofamerica ATM
LWithdrawals
^
D8/12'21
U-57.94
T-57.94
C*
PWal-mart
LPersonal
^
D8/17'21
U-112.92
T-112.92
C*
PHarbor Freight Gr
LConstruction Supplies
^
D8/18'21
U40,000.00
T40,000.00
C*
NATM
PBkofamerica ATM
LDeposit
^
D8/18'21
U-41.63
T-41.63
C*
PShell
MSHELL SERVICE S LANGHORNE /PA US CARD PURCHASE
LAuto & Transport:Gas & Fuel
^
D8/18'21
U-35.81
T-35.81
C*
PShell
MSHELL SERVICE S LANGHORNE /PA US CARD PURCHASE
LAuto & Transport:Gas & Fuel
^
D8/18'21
U-44.28
T-44.28
C*
PAllaromanuk Fbp Pu
LPersonal
^
D8/19'21
U-250.00
T-250.00
C*
PVerizon
LUtilities
^
D8/20'21
U-22.45
T-22.45
C*
PQuick Chek Foo
LPersonal
^
D8/20'21
U-43.20
T-43.20
C*
PIntuit
LOffice
^
D8/20'21
U-1,786.82
T-1,786.82
C*
PAuxiliary Service Purc
LConstruction Supplies
^
D8/23'21
U-63.28
T-63.28
C*
PWawa
MWAWA 115 PHILADELPHIA/PA US CARD PURCHASE
LAuto & Transport:Gas & Fuel
^
D8/23'21
U-70.52
T-70.52
C*
PQuick Chek Corp
MQUICK CHEK CORP ENGLISHTOWN /NJ US CARD PURCHASE
LAuto & Transport:Gas & Fuel
^
D8/24'21
U-283.55
T-283.55
C*
POfficemax
MOFFICE MA 7231 PHILADELPHIA/PA US CARD PURCHASE
LOffice
^
D8/24'21
U-29.83
T-29.83
C*
P7-Eleven
LPersonal
^
D8/24'21
U-12.95
T-12.95
C*
PApple
LPersonal
^
D8/24'21
U-21.59
T-21.59
C*
PApple
LPersonal
^
D8/24'21
U-1.07
T-1.07
C*
PApple
LPersonal
^
D8/24'21
U-89.00
T-89.00
C*
PUnited Education Pu
LEducation:Student Loan
^
D8/25'21
U-45.00
T-45.00
C*
P7-Eleven
LAuto & Transport:Gas & Fuel
^
D8/25'21
U-100.00
T-100.00
C*
PE-zpass
LAuto & Transport
^
D8/27'21
U-11.13
T-11.13
C*
PHome Depot
MTHE HOME DEPOT PRINCETON /NJ US CARD PURCHASE
LConstruction Supplies
^
D8/27'21
U-125.42
T-125.42
C*
PHome Depot
MTHE HOME DEPOT PRINCETON /NJ US CARD PURCHASE
LConstruction Supplies
^
D8/27'21
U-30.00
T-30.00
C*
PD D Gas
MD D GAS STATION PHILADELPHIA /PA US CARD PURCHASE
LAuto & Transport:Gas & Fuel
^
D8/27'21
U-51.93
T-51.93
C*
PShell
MSHELL SERVICE S LANGHORNE /PA US CARD PURCHASE
LAuto & Transport:Gas & Fuel
^
D8/27'21
U-85.00
T-85.00
C*
PShell
MSHELL SERVICE S LANGHORNE /PA US CARD PURCHASE
LAuto & Transport:Gas & Fuel
^
D8/30'21
U-50.00
T-50.00
C*
PShell
MSHELL SERVICE S LANGHORNE /PA US CARD PURCHASE
LAuto & Transport:Gas & Fuel
^
D8/30'21
U-95.00
T-95.00
C*
PConoco
MCONOCO - KERRIG PHILADELPHIA /PA US CARD PURCHASE
LAuto & Transport:Gas & Fuel
^
D8/30'21
U-76.16
T-76.16
C*
PShell
MSHELL SERVICE S LANGHORNE /PA US CARD PURCHASE
LAuto & Transport:Gas & Fuel
^
D8/30'21
U-24.50
T-24.50
C*
PShell
MSHELL SERVICE S LANGHORNE /PA US CARD PURCHASE
LPersonal
^
D8/31'21
U-85.00
T-85.00
C*
PShell
MSHELL SERVICE S LANGHORNE /PA US CARD PURCHASE
LAuto & Transport:Gas & Fuel
^
D8/31'21
U-116.47
T-116.47
C*
PAuxiliary Service Purc
LConstruction Supplies
^
D8/31'21
U-1.07
T-1.07
C*
PApple
LPersonal
^
D8/31'21
U-30.69
T-30.69
C*
PWawa
MWAWA 115 PHILADELPHIA/PA US CARD PURCHASE
LAuto & Transport:Gas & Fuel
^
D8/31'21
U-5,605.66
T-5,605.66
C*
PAuxiliary Service Purc
LConstruction Supplies
^
D9/ 1'21
U-170.00
T-170.00
C*
PBusiness Solutions Purchas
LAccounting
^
D9/ 1'21
U-412.51
T-412.51
C*
PAuxiliary Service Purc
LConstruction Supplies
^
D9/ 1'21
U-36.31
T-36.31
C*
PShell
MSHELL OIL 57545 PLAINFIELD /NJ US CARD PURCHASE
LAuto & Transport:Gas & Fuel
^
D9/ 1'21
U-53.59
T-53.59
C*
PShell
MSHELL OIL 57545 PLAINFIELD /NJ US CARD PURCHASE
LAuto & Transport:Gas & Fuel
^
D9/ 2'21
U-84.14
T-84.14
C*
PShell
MSHELL OIL 57545 PLAINFIELD /NJ US CARD PURCHASE
LAuto & Transport:Gas & Fuel
^
D9/ 2'21
U-68.31
T-68.31
C*
PShell
MSHELL OIL 57545 PLAINFIELD /NJ US CARD PURCHASE
LAuto & Transport:Gas & Fuel
^
D9/ 2'21
U-35.66
T-35.66
C*
PShell
MSHELL OIL 57545 PLAINFIELD /NJ US CARD PURCHASE
LAuto & Transport:Gas & Fuel
^
D9/ 3'21
U-15.99
T-15.99
C*
PSunoco
MSUNOCO 00138735 PHILADELPHIA/PA US CARD PURCHASE
LPersonal
^
D9/ 3'21
U-74.00
T-74.00
C*
PSunoco
MSUNOCO 00138735 PHILADELPHIA/PA US CARD PURCHASE
LAuto & Transport:Gas & Fuel
^
D9/ 3'21
U-1,953.91
T-1,953.91
C*
PBluestone Insurance Age
LInsurance
^
D9/ 7'21
U-1.07
T-1.07
C*
PApple
LPersonal
^
D9/ 7'21
U-1,172.86
T-1,172.86
C*
PEbay
LPersonal
^
D9/ 7'21
U-75.00
T-75.00
C*
PWawa
MWAWA 115 PHILADELPHIA/PA US CARD PURCHASE
LAuto & Transport:Gas & Fuel
^
D9/ 7'21
U-33.30
T-33.30
C*
PShell
MSHELL OIL 57545 PLAINFIELD /NJ US CARD PURCHASE
LAuto & Transport:Gas & Fuel
^
D9/ 7'21
U-38.63
T-38.63
C*
PShell
MSHELL OIL 57545 PLAINFIELD /NJ US CARD PURCHASE
LAuto & Transport:Gas & Fuel
^
D9/ 7'21
U-85.00
T-85.00
C*
PShell
MSHELL OIL 57545 PLAINFIELD /NJ US CARD PURCHASE
LAuto & Transport:Gas & Fuel
^
D9/ 8'21
U-73.44
T-73.44
C*
PIsaiassibaj Fbp Pu
LPersonal
^
D9/ 9'21
U-85.00
T-85.00
C*
PShell
MSHELL OIL 57545 PLAINFIELD /NJ US CARD PURCHASE
LAuto & Transport:Gas & Fuel
^
D9/ 9'21
U-69.05
T-69.05
C*
PShell
MSHELL OIL 57545 PLAINFIELD /NJ US CARD PURCHASE
LAuto & Transport:Gas & Fuel
^
D9/ 9'21
U-93.60
T-93.60
C*
PSunoco
MSUNOCO 00138735 PHILADELPHIA/PA US CARD PURCHASE
LAuto & Transport:Gas & Fuel
^
D9/10'21
U-40.00
T-40.00
C*
PShell
MSHELL OIL 57545 PLAINFIELD /NJ US CARD PURCHASE
LAuto & Transport:Gas & Fuel
^
D9/10'21
U-3,000.00
T-3,000.00
C*
N994
PReinaldo Carvalho De Rocha
LPersonal
^
D9/13'21
U-100.00
T-100.00
C*
PE-zpass
LAuto & Transport
^
D9/13'21
U-15,000.00
T-15,000.00
C*
N993
PMaximum Contrators
LSubcontractors
^
D9/14'21
U-1.07
T-1.07
C*
PApple
LPersonal
^
D9/15'21
U-56.81
T-56.81
C*
PShell
MSHELL OIL 57545 PLAINFIELD /NJ US CARD PURCHASE
LAuto & Transport:Gas & Fuel
^
D9/17'21
U-85.00
T-85.00
C*
PShell
MSHELL OIL 57545 PLAINFIELD /NJ US CARD PURCHASE
LAuto & Transport:Gas & Fuel
^
D9/17'21
U-67.48
T-67.48
C*
PAuxiliary Service Purc
LConstruction Supplies
^
D9/17'21
U-36.45
T-36.45
C*
PShell
MSHELL OIL 57545 PLAINFIELD /NJ US CARD PURCHASE
LAuto & Transport:Gas & Fuel
^
D9/17'21
U-36.56
T-36.56
C*
PFuel One Pu
LAuto & Transport:Gas & Fuel
^
D9/20'21
U-12.95
T-12.95
C*
PApple
LPersonal
^
D9/20'21
U-54.00
T-54.00
C*
PQuickbooks
LOffice
^
D9/20'21
U-192.10
T-192.10
C*
PAuxiliary Service Purc
LConstruction Supplies
^
D9/20'21
U-85.00
T-85.00
C*
PShell
MSHELL OIL 57545 PLAINFIELD /NJ US CARD PURCHASE
LAuto & Transport:Gas & Fuel
^
D9/20'21
U-85.00
T-85.00
C*
PShell
MSHELL OIL 57545 PLAINFIELD /NJ US CARD PURCHASE
LAuto & Transport:Gas & Fuel
^
D9/20'21
U-100.00
T-100.00
C*
PE-zpass
LAuto & Transport
^
D9/20'21
U-35.83
T-35.83
C*
PShell
MSHELL OIL 57545 PLAINFIELD /NJ US CARD PURCHASE
LAuto & Transport:Gas & Fuel
^
D9/20'21
U-6,248.00
T-6,248.00
C*
N996
PGarden Builders
LSubcontractors
^
D9/21'21
U-30.00
T-30.00
C*
PD D Gas
MD D GAS STATION PHILADELPHIA /PA US CARD PURCHASE
LAuto & Transport:Gas & Fuel
^
D9/22'21
U-85.00
T-85.00
C*
PShell
MSHELL OIL 57545 PLAINFIELD /NJ US CARD PURCHASE
LAuto & Transport:Gas & Fuel
^
D9/22'21
U-85.00
T-85.00
C*
PShell
MSHELL OIL 57545 PLAINFIELD /NJ US CARD PURCHASE
LAuto & Transport:Gas & Fuel
^
D9/22'21
U-84.52
T-84.52
C*
PShell
MSHELL OIL 57545 PLAINFIELD /NJ US CARD PURCHASE
LAuto & Transport:Gas & Fuel
^
D9/22'21
U-73.37
T-73.37
C*
PShell
MSHELL OIL 57545 PLAINFIELD /NJ US CARD PURCHASE
LAuto & Transport:Gas & Fuel
^
D9/22'21
U-105.60
T-105.60
C*
PO Lagar
MO LAGAR UNION /NJ US CARD PURCHASE
LPersonal
^
D9/23'21
U-5.39
T-5.39
C*
PApple
LPersonal
^
D9/23'21
U-33.50
T-33.50
C*
PShell
MSHELL OIL 57545 PLAINFIELD /NJ US CARD PURCHASE
LAuto & Transport:Gas & Fuel
^
D9/24'21
U-89.00
T-89.00
C*
PUnited Education Pu
LEducation:Student Loan
^
D9/24'21
U-83.49
T-83.49
C*
PShell
MSHELL OIL 57545 PLAINFIELD /NJ US CARD PURCHASE
LAuto & Transport:Gas & Fuel
^
D9/27'21
U-1,000.00
T-1,000.00
C*
PZelle Transfer Conf
LLabor
^
D9/27'21
U-56.08
T-56.08
C*
PSunoco
MSUNOCO 00138735 PHILADELPHIA/PA US CARD PURCHASE
LAuto & Transport:Gas & Fuel
^
D9/27'21
U-65.25
T-65.25
C*
PSunoco
MSUNOCO 00138735 PHILADELPHIA/PA US CARD PURCHASE
LAuto & Transport:Gas & Fuel
^
D9/27'21
U-21.01
T-21.01
C*
PGulf
LPersonal
^
D9/27'21
U-75.00
T-75.00
C*
PGulf
LAuto & Transport:Gas & Fuel
^
D9/27'21
U-46.34
T-46.34
C*
PShell
MSHELL OIL 57545 PLAINFIELD /NJ US CARD PURCHASE
LAuto & Transport:Gas & Fuel
^
D9/27'21
U-20.00
T-20.00
C*
PD D Gas
MD D GAS STATION PHILADELPHIA /PA US CARD PURCHASE
LPersonal
^
D9/27'21
U-334.80
T-334.80
C*
PKennethgarc Fbp Pu
LProf and Legal Fees
^
D9/28'21
U2,810.00
T2,810.00
C*
NATM
PBkofamerica ATM
LDeposit
^
D9/28'21
U-175.29
T-175.29
C*
PHome Depot
MTHE HOME DEPOT WATCHUNG /NJ US CARD PURCHASE
LConstruction Supplies
^
D9/28'21
U-5.39
T-5.39
C*
PApple
LPersonal
^
D9/28'21
U-82.08
T-82.08
C*
PRoute North Purchas
LUtilities
^
D9/29'21
U-70.51
T-70.51
C*
PConoco
MCONOCO - KERRIG PHILADELPHIA /PA US CARD PURCHASE
LAuto & Transport:Gas & Fuel
^
D9/29'21
U-84.03
T-84.03
C*
PEl Palacio Restaurant
LPersonal
^
D10/ 1'21
U-170.00
T-170.00
C*
PBusiness Solutions 09/30 Purchas
LAccounting
^
D10/ 4'21
U-50.01
T-50.01
C*
PShell
MSHELL OIL 57545 PLAINFIELD /NJ US CARD PURCHASE
LAuto & Transport:Gas & Fuel
^
D10/ 4'21
U-14.91
T-14.91
C*
PHome Depot
MTHE HOME DEPOT WATCHUNG /NJ US CARD PURCHASE
LConstruction Supplies
^
D10/ 4'21
U-309.02
T-309.02
C*
PHome Depot
MTHE HOME DEPOT WATCHUNG /NJ US CARD PURCHASE
LConstruction Supplies
^
D10/ 4'21
U-62.46
T-62.46
C*
PShell
MSHELL OIL 57545 PLAINFIELD /NJ US CARD PURCHASE
LAuto & Transport:Gas & Fuel
^
D10/ 5'21
U-20.00
T-20.00
C*
PD D Gas
MD D GAS STATION PHILADELPHIA /PA US CARD PURCHASE
LPersonal
^
D10/ 6'21
U-59.01
T-59.01
C*
PShell
MSHELL OIL 57545 PLAINFIELD /NJ US CARD PURCHASE
LAuto & Transport:Gas & Fuel
^
D10/ 6'21
U-85.00
T-85.00
C*
PShell
MSHELL OIL 57545 PLAINFIELD /NJ US CARD PURCHASE
LAuto & Transport:Gas & Fuel
^
D10/ 7'21
U-85.00
T-85.00
C*
PShell
MSHELL OIL 57545 PLAINFIELD /NJ US CARD PURCHASE
LAuto & Transport:Gas & Fuel
^
D10/ 7'21
U-11.98
T-11.98
C*
PSunoco
MSUNOCO 00138735 PHILADELPHIA/PA US CARD PURCHASE
LPersonal
^
D10/ 7'21
U-20.98
T-20.98
C*
PSunoco
MSUNOCO 00138735 PHILADELPHIA/PA US CARD PURCHASE
LPersonal
^
D10/ 7'21
U-55.99
T-55.99
C*
PSunoco
MSUNOCO 00138735 PHILADELPHIA/PA US CARD PURCHASE
LAuto & Transport:Gas & Fuel
^
D10/ 7'21
U-5.39
T-5.39
C*
PApple
LPersonal
^
D10/ 7'21
U-85.00
T-85.00
C*
PShell
MSHELL OIL 57545 PLAINFIELD /NJ US CARD PURCHASE
LAuto & Transport:Gas & Fuel
^
D10/ 7'21
U-38.03
T-38.03
C*
PShell
MSHELL OIL 57545 PLAINFIELD /NJ US CARD PURCHASE
LAuto & Transport:Gas & Fuel
^
D10/12'21
U-124.34
T-124.34
C*
PHome Depot
MTHE HOME DEPOT WATCHUNG /NJ US CARD PURCHASE
LConstruction Supplies
^
D10/12'21
U-216.75
T-216.75
C*
PAuto Express
LAuto & Transport:Service & Parts
^
D10/12'21
U-26.50
T-26.50
C*
PD D Gas
MD D GAS STATION PHILADELPHIA /PA US CARD PURCHASE
LPersonal
^
D10/12'21
U-49.02
T-49.02
C*
PSunoco
MSUNOCO 00138735 PHILADELPHIA/PA US CARD PURCHASE
LAuto & Transport:Gas & Fuel
^
D10/12'21
U-75.59
T-75.59
C*
PApple
LPersonal
^
D10/12'21
U-50.53
T-50.53
C*
PShell
MSHELL OIL 57545 PLAINFIELD /NJ US CARD PURCHASE
LAuto & Transport:Gas & Fuel
^
D10/13'21
U-62.79
T-62.79
C*
PShell
MSHELL OIL 57545 PLAINFIELD /NJ US CARD PURCHASE
LAuto & Transport:Gas & Fuel
^
D10/13'21
U-18.57
T-18.57
C*
PQuick Chek Food
LPersonal
^
D10/13'21
U-16.58
T-16.58
C*
PQuick Chek Food
LPersonal
^
D10/13'21
U-75.00
T-75.00
C*
PQuick Chek Food
LAuto & Transport:Gas & Fuel
^
D10/13'21
U-75.00
T-75.00
C*
PQuick Chek Food
LAuto & Transport:Gas & Fuel
^
D10/13'21
U-38.82
T-38.82
C*
PQuick Chek Food
LAuto & Transport:Gas & Fuel
^
D10/14'21
U-84.62
T-84.62
C*
PHome Depot
MTHE HOME DEPOT WATCHUNG /NJ US CARD PURCHASE
LConstruction Supplies
^
D10/14'21
U-5.39
T-5.39
C*
PApple
LPersonal
^
D10/15'21
U-85.00
T-85.00
C*
PShell
MSHELL OIL 57545 PLAINFIELD /NJ US CARD PURCHASE
LAuto & Transport:Gas & Fuel
^
D10/15'21
U-36.19
T-36.19
C*
PShell
MSHELL OIL 57545 PLAINFIELD /NJ US CARD PURCHASE
LAuto & Transport:Gas & Fuel
^
D10/15'21
U-85.00
T-85.00
C*
PShell
MSHELL OIL 57545 PLAINFIELD /NJ US CARD PURCHASE
LAuto & Transport:Gas & Fuel
^
D10/18'21
U-5.87
T-5.87
C*
PShell
MSHELL OIL 57545 PLAINFIELD /NJ US CARD PURCHASE
LPersonal
^
D10/18'21
U-81.97
T-81.97
C*
PHome Depot
MTHE HOME DEPOT WATCHUNG /NJ US CARD PURCHASE
LConstruction Supplies
^
D10/18'21
U-34.00
T-34.00
C*
PShell
MSHELL OIL 57545 PLAINFIELD /NJ US CARD PURCHASE
LAuto & Transport:Gas & Fuel
^
D10/18'21
U-85.00
T-85.00
C*
PShell
MSHELL OIL 57545 PLAINFIELD /NJ US CARD PURCHASE
LAuto & Transport:Gas & Fuel
^
D10/20'21
U-54.00
T-54.00
C*
PQuickbooks
LOffice
^
D10/20'21
U-85.00
T-85.00
C*
PShell
MSHELL OIL 57545 PLAINFIELD /NJ US CARD PURCHASE
LAuto & Transport:Gas & Fuel
^
D10/21'21
U-18.34
T-18.34
C*
PApple
LPersonal
^
D10/21'21
U-95.00
T-95.00
C*
PConoco
MCONOCO - KERRIG PHILADELPHIA /PA US CARD PURCHASE
LAuto & Transport:Gas & Fuel
^
D10/25'21
U-35.00
T-35.00
C*
POverdraft Item Fee For Activity
LFees & Charges:Bank Fee
^
D10/25'21
U-35.00
T-35.00
C*
POverdraft Item Fee For Activity
LFees & Charges:Bank Fee
^
D10/25'21
U-35.00
T-35.00
C*
POverdraft Item Fee For Activity
LFees & Charges:Bank Fee
^
D10/25'21
U-100.00
T-100.00
C*
PSunoco
MSUNOCO 00138735 PHILADELPHIA/PA US CARD PURCHASE
LAuto & Transport:Gas & Fuel
^
D10/25'21
U-100.00
T-100.00
C*
PSunoco
MSUNOCO 00138735 PHILADELPHIA/PA US CARD PURCHASE
LAuto & Transport:Gas & Fuel
^
D10/25'21
U-85.00
T-85.00
C*
PShell
MSHELL OIL 57545 PLAINFIELD /NJ US CARD PURCHASE
LAuto & Transport:Gas & Fuel
^
D10/25'21
U-73.48
T-73.48
C*
PShell
MSHELL OIL 57545 PLAINFIELD /NJ US CARD PURCHASE
LAuto & Transport:Gas & Fuel
^
D10/26'21
U-89.00
T-89.00
C*
PUnited Education Pu
LOffice
^
D10/28'21
U-35.00
T-35.00
C*
POverdraft Item Fee For Activity
LFees & Charges:Bank Fee
^
D10/28'21
U-5.39
T-5.39
C*
PApple
LPersonal
^
D11/ 1'21
U500.00
T500.00
C*
NATM
PBkofamerica ATM
LDeposit
^
D11/ 2'21
U-35.00
T-35.00
C*
POverdraft Item Fee For Activity
LFees & Charges:Bank Fee
^
D11/ 2'21
U-170.00
T-170.00
C*
PBusiness Solutions Purchas
LAccounting
^
D11/ 3'21
U-35.00
T-35.00
C*
POverdraft Item Fee For Activity
LFees & Charges:Bank Fee
^
D11/ 3'21
U-85.00
T-85.00
C*
PShell
MSHELL OIL 57545 PLAINFIELD /NJ US CARD PURCHASE
LAuto & Transport:Gas & Fuel
^
D11/ 4'21
U-35.00
T-35.00
C*
POverdraft Item Fee For Activity
LFees & Charges:Bank Fee
^
D11/ 4'21
U-5.39
T-5.39
C*
PApple
LPersonal
^
D11/ 9'21
U-35.00
T-35.00
C*
POverdraft Item Fee For Activity
LFees & Charges:Bank Fee
^
D11/ 9'21
U-5.39
T-5.39
C*
PApple
LPersonal
^
D11/16'21
U800.00
T800.00
C*
NATM
PBkofamerica ATM
LDeposit
^
D11/19'21
U-5.39
T-5.39
C*
PApple
LPersonal
^
D11/22'21
U-12.95
T-12.95
C*
PApple
LPersonal
^
D11/22'21
U-54.00
T-54.00
C*
PQuickbooks
LOffice
^
D11/23'21
U-5.39
T-5.39
C*
PApple
LPersonal
^
D11/26'21
U-36.72
T-36.72
C*
PJosephalaim Fbp Pu
LPersonal
^
D11/29'21
U-86.39
T-86.39
C*
PApple
LPersonal
^
D11/29'21
U-69.00
T-69.00
C*
PUnited Education Pu
LOffice
^
D12/ 1'21
U-35.00
T-35.00
C*
POverdraft Item Fee For Activity
LFees & Charges:Bank Fee
^
D12/ 1'21
U-35.00
T-35.00
C*
POverdraft Item Fee For Activity
LFees & Charges:Bank Fee
^
D12/ 1'21
U-35.00
T-35.00
C*
POverdraft Item Fee For Activity
LFees & Charges:Bank Fee
^
D12/ 1'21
U-60.00
T-60.00
C*
PShell
MSHELL OIL 57545 PLAINFIELD /NJ US CARD PURCHASE
LAuto & Transport:Gas & Fuel
^
D12/ 1'21
U-170.00
T-170.00
C*
PBusiness Solutions 11/30 Purchas
LAccounting
^
D12/ 1'21
U-85.00
T-85.00
C*
PShell
MSHELL OIL 57545 PLAINFIELD /NJ US CARD PURCHASE
LAuto & Transport:Gas & Fuel
^
D12/ 1'21
U-85.00
T-85.00
C*
PShell
MSHELL OIL 57545 PLAINFIELD /NJ US CARD PURCHASE
LAuto & Transport:Gas & Fuel
^
D12/ 2'21
U-35.00
T-35.00
C*
POverdraft Item Fee For Activity
LFees & Charges:Bank Fee
^
D12/ 2'21
U-5.39
T-5.39
C*
PApple
LPersonal
^
D12/ 3'21
U-35.00
T-35.00
C*
POverdraft Item Fee For Activity
LFees & Charges:Bank Fee
^
D12/ 3'21
U-67.27
T-67.27
C*
PShell
MSHELL OIL 57545 PLAINFIELD /NJ US CARD PURCHASE
LAuto & Transport:Gas & Fuel
^
D12/ 3'21
U-37.49
T-37.49
C*
PShell
MSHELL OIL 57545 PLAINFIELD /NJ US CARD PURCHASE
LAuto & Transport:Gas & Fuel
^
D12/ 7'21
U500.00
T500.00
C*
NATM
PBkofamerica ATM
LDeposit
^
D12/ 8'21
U1,000.00
T1,000.00
C*
NATM
PBkofamerica ATM
LDeposit
^
D12/ 9'21
U-5.39
T-5.39
C*
PApple
LPersonal
^
D12/16'21
U-5.39
T-5.39
C*
PApple
LPersonal
^
D12/20'21
U-54.00
T-54.00
C*
PQuickbooks
LOffice
^
D12/21'21
U-18.34
T-18.34
C*
PApple
LPersonal
^
D12/22'21
U-70.11
T-70.11
C*
PShell
MSHELL OIL 57545 PLAINFIELD /NJ US CARD PURCHASE
LAuto & Transport:Gas & Fuel
^
D12/22'21
U-80.63
T-80.63
C*
PShell
MSHELL OIL 57545 PLAINFIELD /NJ US CARD PURCHASE
LAuto & Transport:Gas & Fuel
^
D12/23'21
U-244.30
T-244.30
C*
PClosure Systems B
LConstruction Supplies
^
D12/24'21
U-130.04
T-130.04
C*
PHome Depot
MTHE HOME DEPOT WATCHUNG /NJ US CARD PURCHASE
LConstruction Supplies
^
D12/24'21
U-85.00
T-85.00
C*
PShell
MSHELL OIL 57545 PLAINFIELD /NJ US CARD PURCHASE
LAuto & Transport:Gas & Fuel
^
D12/24'21
U-73.44
T-73.44
C*
PShell
MSHELL OIL 57545 PLAINFIELD /NJ US CARD PURCHASE
LAuto & Transport:Gas & Fuel
^
D12/27'21
U-69.00
T-69.00
C*
PUnited Education Pu
LOffice
^
D12/28'21
U-5.39
T-5.39
C*
PApple
LPersonal
^
D12/30'21
U-5.39
T-5.39
C*
PApple
LPersonal
^
D12/31'21
U-95,250.00
T-95,250.00
PPayroll
LPayroll 2021
^
D12/31'21
U-7,286.00
T-7,286.00
PPayroll Taxes
LPayroll Taxes
^
D1/ 6'22
U-170.00
T-170.00
C*
PBusiness Solutions Purchas
LAccounting
^
D1/ 6'22
U-5.39
T-5.39
C*
PApple
LPersonal
^
D1/12'22
U-10.78
T-10.78
C*
PApple
LPersonal
^
D1/18'22
U-35.00
T-35.00
C*
POverdraft Item Fee For Activity
LFees & Charges:Bank Fee
^
D1/18'22
U-16.18
T-16.18
C*
PApple
LPersonal
^
D1/18'22
U-38.88
T-38.88
C*
PJohn Dunlop Fbp
LPersonal
^
D1/20'22
U-35.00
T-35.00
C*
POverdraft Item Fee For Activity
LFees & Charges:Bank Fee
^
D1/20'22
U-54.00
T-54.00
C*
PQuickbooks
LOffice
^
D1/24'22
U-35.00
T-35.00
C*
POverdraft Item Fee For Activity
LFees & Charges:Bank Fee
^
D1/24'22
U-12.95
T-12.95
C*
PApple
LPersonal
^
D1/25'22
U-35.00
T-35.00
C*
POverdraft Item Fee For Activity
LFees & Charges:Bank Fee
^
D1/25'22
U-35.00
T-35.00
C*
POverdraft Item Fee For Activity
LFees & Charges:Bank Fee
^
D1/25'22
U-90.44
T-90.44
C*
PLee Tran Fbpay
LPersonal
^
D1/25'22
U-131.76
T-131.76
C*
PRobertsterl Fbp Pu
LPersonal
^
D1/27'22
U-35.00
T-35.00
C*
POverdraft Item Fee For Activity
LFees & Charges:Bank Fee
^
D1/27'22
U-23.76
T-23.76
C*
PBohdanfosta Fbp Pu
LPersonal
^
D2/ 7'22
U550.00
T550.00
C*
NATM
PBkofamerica ATM
LDeposit
^
D2/14'22
U-35.00
T-35.00
C*
POverdraft Item Fee For Activity
LFees & Charges:Bank Fee
^
D2/14'22
U-17.28
T-17.28
C*
PAli Suqrat Fbpa
LPersonal
^
D2/17'22
U-35.00
T-35.00
C*
POverdraft Item Fee For Activity
LFees & Charges:Bank Fee
^
D2/17'22
U-35.00
T-35.00
C*
POverdraft Item Fee For Activity
LFees & Charges:Bank Fee
^
D2/17'22
U-16.18
T-16.18
C*
PApple
MPAYPAL *APPLE.C San Jose /CA US CARD PURCHASE
LPersonal
^
D2/17'22
U-25.41
T-25.41
C*
PMuhammadham Fbp Pu
LPersonal
^
D2/18'22
U-35.00
T-35.00
C*
POverdraft Item Fee For Activity
LFees & Charges:Bank Fee
^
D2/18'22
U-32.39
T-32.39
C*
PApple
MPAYPAL *APPLE.C San Jose /CA US CARD PURCHASE
LPersonal
^
D3/ 1'22
U-16.00
T-16.00
C*
PAccount Maintenance Fee
LFees & Charges:Bank Fee
^
D3/15'22
U300.00
T300.00
C*
NATM
PBkofamerica ATM
LDeposit
^
D3/17'22
U-16.18
T-16.18
C*
PApple
MPAYPAL *APPLE.C San Jose /CA US CARD PURCHASE
LPersonal
^
D3/17'22
U-54.00
T-54.00
C*
PQuickbooks
LOffice
^
D3/21'22
U-35.00
T-35.00
C*
POverdraft Item Fee For Activity
LFees & Charges:Bank Fee
^
D3/21'22
U-35.00
T-35.00
C*
POverdraft Item Fee For Activity
LFees & Charges:Bank Fee
^
D3/21'22
U-35.00
T-35.00
C*
POverdraft Item Fee For Activity
LFees & Charges:Bank Fee
^
D3/21'22
U-12.95
T-12.95
C*
PApple
MPAYPAL *APPLE.C San Jose /CA US CARD PURCHASE
LPersonal
^
D3/21'22
U-54.00
T-54.00
C*
PQuickbooks
LOffice
^
D3/21'22
U-16.08
T-16.08
C*
PApple
MPAYPAL *APPLE.C San Jose /CA US CARD PURCHASE
LPersonal
^
D3/22'22
U-35.00
T-35.00
C*
POverdraft Item Fee For Activity
LFees & Charges:Bank Fee
^
D3/22'22
U-7.55
T-7.55
C*
PApple
MPAYPAL *APPLE.C San Jose /CA US CARD PURCHASE
LPersonal
^
D3/24'22
U-35.00
T-35.00
C*
POverdraft Item Fee For Activity
LFees & Charges:Bank Fee
^
D3/24'22
U-5.39
T-5.39
C*
PApple
MPAYPAL *APPLE.C San Jose /CA US CARD PURCHASE
LPersonal
^
D4/ 1'22
U-16.00
T-16.00
C*
PAccount Maintenance Fee
LFees & Charges:Bank Fee
^
D4/12'22
U300.00
T300.00
C*
NATM
PBkofamerica ATM
LDeposit
^
D4/14'22
U-5.39
T-5.39
C*
PApple
MPAYPAL *APPLE.C San Jose /CA US CARD PURCHASE
LPersonal
^
D4/18'22
U-35.00
T-35.00
C*
POverdraft Item Fee For Activity
LFees & Charges:Bank Fee
^
D4/18'22
U-43.18
T-43.18
C*
PApple
MPAYPAL *APPLE.C San Jose /CA US CARD PURCHASE
LPersonal
^
D4/19'22
U-35.00
T-35.00
C*
POverdraft Item Fee For Activity
LFees & Charges:Bank Fee
^
D4/19'22
U-35.00
T-35.00
C*
POverdraft Item Fee For Activity
LFees & Charges:Bank Fee
^
D4/19'22
U-16.08
T-16.08
C*
PApple
MPAYPAL *APPLE.C San Jose /CA US CARD PURCHASE
LPersonal
^
D4/19'22
U-5.39
T-5.39
C*
PApple
MPAYPAL *APPLE.C San Jose /CA US CARD PURCHASE
LPersonal
^
D4/20'22
U-35.00
T-35.00
C*
POverdraft Item Fee For Activity
LFees & Charges:Bank Fee
^
D4/20'22
U-35.00
T-35.00
C*
POverdraft Item Fee For Activity
LFees & Charges:Bank Fee
^
D4/20'22
U-12.95
T-12.95
C*
PApple
MPAYPAL *APPLE.C San Jose /CA US CARD PURCHASE
LPersonal
^
D4/20'22
U-54.00
T-54.00
C*
PQuickbooks
LOffice
^
D5/ 2'22
U-16.00
T-16.00
C*
PAccount Maintenance Fee
LFees & Charges:Bank Fee
^
D5/27'22
U100.00
T100.00
C*
NATM
PFdr Hitches Refund
LRefund
^
D5/31'22
U208.00
T208.00
C*
NATM
PBkofamerica ATM
LDeposit
^
D6/ 1'22
U-10.00
T-10.00
C*
POverdraft Item Fee For Activity
LFees & Charges:Bank Fee
^
D6/ 1'22
U-16.00
T-16.00
C*
PAccount Maintenance Fee
LFees & Charges:Bank Fee
^
D6/ 1'22
U-54.00
T-54.00
C*
PQuickbooks
LOffice
^
D6/ 2'22
U-10.00
T-10.00
C*
POverdraft Item Fee For Activity
LFees & Charges:Bank Fee
^
D6/ 2'22
U-5.39
T-5.39
C*
PApple
MPAYPAL *APPLE.C San Jose /CA US CARD PURCHASE
LPersonal
^
D7/ 1'22
U-16.00
T-16.00
C*
PAccount Maintenance Fee
MPayment Process Service Fe *********92
LFees & Charges:Bank Fee
^
D8/ 1'22
U-16.00
T-16.00
C*
PAccount Maintenance Fee
MPayment Process Service Fe *********92
LFees & Charges:Bank Fee
^
D8/23'22
U250.00
T250.00
C*
NATM
PVerizon Deposit Refund
LOther Inc
^
D8/25'22
U-5.39
T-5.39
C*
PApple
MPAYPAL *APPLE.C San Jose /CA US CARD PURCHASE
LPersonal
^
D9/ 1'22
U-16.00
T-16.00
C*
PAccount Maintenance Fee
MPayment Process Service Fe *********92
LFees & Charges:Bank Fee
^
D9/ 1'22
U-5.39
T-5.39
C*
PApple
MPAYPAL *APPLE.C San Jose /CA US CARD PURCHASE
LPersonal
^
D9/ 8'22
U-5.39
T-5.39
C*
PApple
MPAYPAL *APPLE.C San Jose /CA US CARD PURCHASE
LPersonal
^
D9/15'22
U-5.39
T-5.39
C*
PApple
MPAYPAL *APPLE.C San Jose /CA US CARD PURCHASE
LPersonal
^
D9/22'22
U-8.63
T-8.63
C*
PApple
MPAYPAL *APPLE.C San Jose /CA US CARD PURCHASE
LPersonal
^
D9/22'22
U-25.89
T-25.89
C*
PApple
MPAYPAL *APPLE.C San Jose /CA US CARD PURCHASE
LPersonal
^
D9/29'22
U-5.39
T-5.39
C*
PApple
MPAYPAL *APPLE.C San Jose /CA US CARD PURCHASE
LPersonal
^
D10/ 3'22
U-16.00
T-16.00
C*
PAccount Maintenance Fee
MPayment Process Service Fe *********92
LFees & Charges:Bank Fee
^
D10/ 4'22
U-5.39
T-5.39
C*
PApple
MPAYPAL *APPLE.C San Jose /CA US CARD PURCHASE
LPersonal
^
D10/11'22
U-10.00
T-10.00
C*
POverdraft Item Fee For Activity
LFees & Charges:Bank Fee
^
D10/11'22
U-80.98
T-80.98
C*
PApple
MPAYPAL *APPLE.C San Jose /CA US CARD PURCHASE
LPersonal
^
D10/18'22
U-10.00
T-10.00
C*
POverdraft Item Fee For Activity
LFees & Charges:Bank Fee
^
D10/18'22
U-32.39
T-32.39
C*
PApple
MPAYPAL *APPLE.C San Jose /CA US CARD PURCHASE
LPersonal
^
!Account
NChecking 2815
TBank
^
!Type:Bank 
D4/ 4'22
U-1,502.65
T-1,502.65
CX
POpening Balance
L[Checking 2815]
^
D4/ 5'22
U41,400.00
T41,400.00
C*
PDeposit
LDeposit
^
D4/12'22
U-249.89
T-249.89
C*
PStaples
MPURCHASE 04/12 SPRINGFIELD NJ CARD 0117
LOffice
^
D4/12'22
U-87.42
T-87.42
C*
PStaples
MPURCHASE 04/12 SPRINGFIELD NJ CARD 0117
LOffice
^
D4/13'22
U-86.98
T-86.98
C*
PBp
MPURCHASE 04/12 HILLSIDE NJ CARD 0117
LAuto & Transport:Gas & Fuel
^
D4/18'22
U-25.97
T-25.97
C*
PStaples
MPURCHASE 04/18 SPRINGFIELD NJ CARD 0117
LOffice
^
D4/19'22
U-79.31
T-79.31
C*
PBp
MPURCHASE 04/18 HILLSIDE NJ CARD 0117
LAuto & Transport:Gas & Fuel
^
D4/28'22
U-81.86
T-81.86
C*
PBp
MPURCHASE 04/27 HILLSIDE NJ CARD 0117
LAuto & Transport:Gas & Fuel
^
D4/29'22
U-14.88
T-14.88
C*
PLowe's
MPURCHASE 04/29 UNION NJ CARD 0117
LConstruction Supplies
^
D5/ 2'22
U-67.41
T-67.41
C*
PWawa
MPURCHASE 04/29 NEW EGYPT NJ CARD 0117
LAuto & Transport:Gas & Fuel
^
D5/ 4'22
U-3,000.00
T-3,000.00
C*
N1101
PReinaldo Da Rocha
LPersonal
^
D5/ 9'22
U7,200.00
T7,200.00
C*
NATM
PATM Deposit
M05/07 9101 ROOSEVELT BLVD PHILADELPHIA PA 0122O 3892
LDeposit
^
D5/ 9'22
U-10.48
T-10.48
C*
PStaples
MPURCHASE 05/09 SPRINGFIELD NJ CARD 0117
LOffice
^
D5/10'22
U-77.00
T-77.00
C*
PBp
MPURCHASE 05/09 HILLSIDE NJ CARD 0117
LAuto & Transport:Gas & Fuel
^
D5/12'22
U-181.31
T-181.31
C*
PHome Depot
MPURCHASE 05/12 VAUXHALL NJ CARD 0117
LConstruction Supplies
^
D5/13'22
U-2,562.13
T-2,562.13
C*
PAble Equipment Rental, Inc.
MPURCHASE 05/11 DEER PARK NY CARD 0117
LEquip Rental
^
D5/13'22
U-61.66
T-61.66
C*
PHome Depot
MPURCHASE 05/13 BLOOMFIELD NJ CARD 0117
LConstruction Supplies
^
D5/16'22
U-94.73
T-94.73
C*
PWawa
MPURCHASE 05/14 ELIZABETH NJ CARD 0117
LAuto & Transport:Gas & Fuel
^
D5/23'22
U-69.55
T-69.55
C*
PRegional
MPURCHASE 05/19 HILLSIDE NJ CARD 0117
LPersonal
^
D5/25'22
U-97.10
T-97.10
C*
PArmo Fuel Llc
MPURCHASE 05/24 FAIR LAWN NJ CARD 0117
LAuto & Transport:Gas & Fuel
^
D5/25'22
U-80.04
T-80.04
C*
PHome Depot
MPURCHASE 05/25 WATCHUNG NJ CARD 0117
LConstruction Supplies
^
D5/31'22
U-72.72
T-72.72
C*
PEl Palacio Restaurante
MPURCHASE 05/26 BOUND BROOK NJ CARD 0117
LPersonal
^
D5/31'22
U-56.06
T-56.06
C*
PStaples
MPURCHASE 05/31 WATCHUNG NJ CARD 0117
LOffice
^
D5/31'22
U4,950.00
T4,950.00
C*
N186879098
PDeposit Made In
LDeposit
^
D6/ 1'22
U-89.00
T-89.00
C*
PExxon
MPURCHASE 05/30 UNION NJ CARD 0117
LAuto & Transport:Gas & Fuel
^
D6/ 2'22
U-11.71
T-11.71
C*
PHome Depot
MPURCHASE 06/02 BRIDGEWATER NJ CARD 0117
LConstruction Supplies
^
D6/ 6'22
U-105.12
T-105.12
C*
PWawa
MPURCHASE 06/03 NORTH PLAINFI NJ CARD 0117
LAuto & Transport:Gas & Fuel
^
D6/ 6'22
U-12,650.00
T-12,650.00
C*
N1104
PGreen Master Contractor Corp
LSubcontractors
^
D6/ 8'22
U-1,000.00
T-1,000.00
C*
N1103
PAnthony Frontaglia
LLabor
^
D6/ 8'22
U-5,000.00
T-5,000.00
C*
N1105
PGS General Construction
LSubcontractors
^
D6/10'22
U-112.95
T-112.95
C*
PShell
MPURCHASE 06/08 PLAINFIELD NJ CARD 0117
LAuto & Transport:Gas & Fuel
^
D6/10'22
U-22.02
T-22.02
C*
PShell
MPURCHASE 06/08 PLAINFIELD NJ CARD 0117
LPersonal
^
D6/10'22
U-18.99
T-18.99
C*
PHome Depot
MPURCHASE 06/10 WATCHUNG NJ CARD 0117
LConstruction Supplies
^
D6/13'22
U-26.35
T-26.35
C*
PShell
MPURCHASE 06/09 PLAINFIELD NJ CARD 0117
LPersonal
^
D6/13'22
U-26.55
T-26.55
C*
PShell
MPURCHASE 06/10 PLAINFIELD NJ CARD 0117
LPersonal
^
D6/13'22
U-12.52
T-12.52
C*
PHome Depot
MPURCHASE 06/13 WATCHUNG NJ CARD 0117
LConstruction Supplies
^
D6/14'22
U30,150.00
T30,150.00
C*
PEdeposit In Branch 1221 Liberty Avenue
M06/14/22 02:03:50 PM 1221 LIBERTY AVE HILLSIDE NJ 0117
LDeposit
^
D6/14'22
U-69.27
T-69.27
C*
PHome Depot
MPURCHASE 06/14 BLOOMFIELD NJ CARD 0117
LConstruction Supplies
^
D6/15'22
U-25.55
T-25.55
C*
PShell
MPURCHASE 06/13 PLAINFIELD NJ CARD 0117
LPersonal
^
D6/16'22
U-106.13
T-106.13
C*
PSunoco
MPURCHASE 06/15 SCOTCH PLAINS NJ CARD 0117
LAuto & Transport:Gas & Fuel
^
D6/16'22
U-13.85
T-13.85
C*
PWalgreens
MPURCHASE 06/16 WYCKOFF NJ CARD 0117
LPersonal
^
D6/21'22
U-34.04
T-34.04
C*
PHome Depot
MPURCHASE 06/20 LAKEWOOD NJ CARD 0117
LConstruction Supplies
^
D6/21'22
U-100.00
T-100.00
C*
PBp
MPURCHASE 06/20 LAKEWOOD NJ CARD 0117
LAuto & Transport:Gas & Fuel
^
D6/22'22
U-163.36
T-163.36
C*
PStaples
MPURCHASE 06/22 SPRINGFIELD NJ CARD 0117
LOffice
^
D6/27'22
U-95.33
T-95.33
C*
PQuick Chek Corporation
MPURCHASE 06/24 SOUTH BOUND B NJ CARD 0117
LAuto & Transport:Gas & Fuel
^
D6/29'22
U-24.33
T-24.33
C*
PShell
MPURCHASE 06/27 PLAINFIELD NJ CARD 0117
LPersonal
^
D6/30'22
U-2,000.00
T-2,000.00
C*
PFoley Incorporated
MPURCHASE 06/28 732-8855555 NJ CARD 0117
LEquip Rental
^
D7/ 5'22
U-93.46
T-93.46
C*
PQuick Chek Corporation
MPURCHASE 06/30 CRANFORD NJ CARD 0117
LPersonal
^
D7/ 5'22
U-1,310.64
T-1,310.64
C*
PMaster Equipment & Supply Inc.
MPURCHASE 07/05 P NEWARK 8 CARD
LEquip Rental
^
D7/ 6'22
U-98.55
T-98.55
C*
PLukoil
MPURCHASE 07/05 WEST TRENTON NJ CARD 0117
LAuto & Transport:Gas & Fuel
^
D7/11'22
U-96.30
T-96.30
C*
PJosil Auto Repair
MPURCHASE 07/08 ELIZABETH NJ CARD 0117
LAuto & Transport:Service & Parts
^
D7/11'22
U-98.86
T-98.86
C*
PWawa
MPURCHASE 07/09 NORTH PLAINFI NJ CARD 0117
LAuto & Transport:Gas & Fuel
^
D7/11'22
U-282.46
T-282.46
C*
PCustom Gas
MPURCHASE 07/09 GARFIELD NJ CARD 3892
LAuto & Transport:Gas & Fuel
^
D7/11'22
U-24.73
T-24.73
C*
PHome Depot
MPURCHASE 07/11 LAKEWOOD NJ CARD 0117
LConstruction Supplies
^
D7/12'22
U-5,199.70
T-5,199.70
C*
PClosure Systems
MPURCHASE 07/11 BENSALEM PA CARD 3892
LConstruction Supplies
^
D7/12'22
U-91.00
T-91.00
C*
PWawa
MPURCHASE 07/11 BRICK NJ CARD 0117
LAuto & Transport:Gas & Fuel
^
D7/12'22
U-102.44
T-102.44
C*
PJoe Service Ctr
MPURCHASE 07/11 BRICK NJ CARD 3892
LAuto & Transport:Gas & Fuel
^
D7/14'22
U-24.41
T-24.41
C*
PWawa
MPURCHASE 07/14 BRICK NJ CARD 0117
LAuto & Transport:Gas & Fuel
^
D7/14'22
U-458.31
T-458.31
C*
PAdp Tax Adp
MBUSINESS TO BUSINESS ACH 14 KVA96 071528A01 REIFAST CONSTRUCTION
LPayroll Taxes
^
D7/15'22
U-80.00
T-80.00
C*
PWawa
MPURCHASE 07/14 BRICK NJ CARD 0117
LAuto & Transport:Gas & Fuel
^
D7/15'22
U-66.10
T-66.10
C*
PStaples
MPURCHASE 07/15 SPRINGFIELD NJ CARD 0117
LOffice
^
D7/15'22
U-33.11
T-33.11
C*
PAdp Payroll
MBUSINESS TO BUSINESS ACH 15 2RA96 4917229 Reifast Construction I
LPayroll Fees
^
D7/18'22
U-21.30
T-21.30
C*
PLowe's
MPURCHASE 07/18 BRICK NJ CARD 0117
LConstruction Supplies
^
D7/19'22
U-174.00
T-174.00
C*
PClosure Systems Pa
MPURCHASE 07/18 215-245-1717 PA CARD 3892
LConstruction Supplies
^
D7/19'22
U-13,600.00
T-13,600.00
C*
N1107
PGreen Master Contractor Corp
LSubcontractors
^
D7/19'22
U-16,000.00
T-16,000.00
C*
N1108
PGreen Master Contractor Corp
LSubcontractors
^
D7/21'22
U-96.71
T-96.71
C*
PBp
MPURCHASE 07/20 BRICK NJ CARD 0117
LAuto & Transport:Gas & Fuel
^
D7/21'22
U-458.31
T-458.31
C*
PAdp Tax Adp
MBUSINESS TO BUSINESS ACH 21 KVA96 072229A01 REIFAST CONSTRUCTION
LPayroll Taxes
^
D7/22'22
U-1,890.00
T-1,890.00
C*
PCity Erectors Inc
MPURCHASE 07/21 973-2278830 NJ CARD 0117
LEquip Rental
^
D7/22'22
U-33.11
T-33.11
C*
PAdp Payroll
MBUSINESS TO BUSINESS ACH 22 2RA96 5561838 Reifast Construction I
LPayroll Fees
^
D7/25'22
U66,000.00
T66,000.00
C*
NATM
PATM Deposit
M07/25 9101 ROOSEVELT BLVD PHILADELPHIA PA 0122O 3892
LOther Inc
^
D7/25'22
U-1,207.50
T-1,207.50
C*
PCity Erectors Inc
MPURCHASE 07/22 973-2278830 NJ CARD 0117
LEquip Rental
^
D7/25'22
U-137.56
T-137.56
C*
PStaples
MPURCHASE 07/25 SPRINGFIELD NJ CARD 0117
LOffice
^
D7/26'22
U-7,500.00
T-7,500.00
C*
N1109
PGreen Master Contractor Corp
LSubcontractors
^
D7/27'22
U-73.71
T-73.71
C*
PBp
MPURCHASE 07/26 HILLSIDE NJ CARD 0117
LAuto & Transport:Gas & Fuel
^
D7/28'22
U-85.48
T-85.48
C*
PWawa
MPURCHASE 07/27 PHILADELPHIA PA CARD 3892
LAuto & Transport:Gas & Fuel
^
D7/28'22
U-458.31
T-458.31
C*
PAdp Tax Adp
MBUSINESS TO BUSINESS ACH 28 KVA96 072930A01 REIFAST CONSTRUCTION
LPayroll Taxes
^
D7/29'22
U-125.00
T-125.00
C*
PJoe Service Ctr
MPURCHASE 07/28 BRICK NJ CARD 3892
LAuto & Transport:Gas & Fuel
^
D7/29'22
U-33.11
T-33.11
C*
PAdp Payroll
MBUSINESS TO BUSINESS ACH 29 2RA96 9213069 Reifast Construction I
LPayroll Fees
^
D8/ 1'22
U-3,465.31
T-3,465.31
C*
PAltus Lift Trucks Llc
MPURCHASE 07/29 908-8234089 NJ CARD 3892
LEquip Rental
^
D8/ 1'22
U-3,097.50
T-3,097.50
C*
PCity Erectors Inc
MPURCHASE 07/29 973-2278830 NJ CARD 0117
LEquip Rental
^
D8/ 1'22
U-46.15
T-46.15
C*
PAutozone
MPURCHASE 07/30 UNION NJ CARD 0117
LAuto & Transport:Service & Parts
^
D8/ 1'22
U-79.84
T-79.84
C*
PBp
MPURCHASE 07/30 HILLSIDE NJ CARD 0117
LAuto & Transport:Gas & Fuel
^
D8/ 2'22
U-8,500.00
T-8,500.00
C*
N1113
PGreen Master Contractor Corp
LSubcontractors
^
D8/ 2'22
U-17,000.00
T-17,000.00
C*
N1114
PGreen Master Contractor Corp
LSubcontractors
^
D8/ 3'22
U-94.01
T-94.01
C*
PStaples
MPURCHASE 08/03 VAUXHALL NJ CARD 0117
LOffice
^
D8/ 4'22
U-1,791.00
T-1,791.00
C*
PClosure Systems Pa
MPURCHASE 08/03 215-245-1717 PA CARD 3892
LConstruction Supplies
^
D8/ 4'22
U-458.31
T-458.31
C*
PAdp Tax Adp
MBUSINESS TO BUSINESS ACH 04 KVA96 080531A01 REIFAST CONSTRUCTION
LPayroll Taxes
^
D8/ 5'22
U-33.11
T-33.11
C*
PAdp Payroll
MBUSINESS TO BUSINESS ACH 05 2RA96 6991850 Reifast Construction I
LPayroll Fees
^
D8/ 8'22
U-84.74
T-84.74
C*
PValero
MPURCHASE 08/05 GREENBROOK NJ CARD 0117
LAuto & Transport:Gas & Fuel
^
D8/ 8'22
U-445.45
T-445.45
C*
N1110
PAlcides A Esteves
MF150 Insurance
LEquip Rental
^
D8/ 8'22
U-3,000.00
T-3,000.00
C*
N1119
PReinaldo Da Rocha
LPersonal
^
D8/ 9'22
U-79.18
T-79.18
C*
PRegional
MPURCHASE 08/08 HILLSIDE NJ CARD 0117
LPersonal
^
D8/ 9'22
U-30.87
T-30.87
C*
PHome Depot
MPURCHASE 08/09 LAKEWOOD NJ CARD 0117
LConstruction Supplies
^
D8/ 9'22
U-12,000.00
T-12,000.00
C*
N1115
PGreen Master Contractor Corp
LSubcontractors
^
D8/ 9'22
U-2,670.00
T-2,670.00
C*
N1116
PGreen Master Contractor Corp
LSubcontractors
^
D8/10'22
U-1,285.80
T-1,285.80
C*
PSkyworks Equipment Nj
MPURCHASE 08/08 908-8350100 NJ CARD 0117
LEquip Rental
^
D8/10'22
U-421.77
T-421.77
C*
PCustom Gas
MPURCHASE 08/08 GARFIELD NJ CARD 3892
LAuto & Transport:Gas & Fuel
^
D8/10'22
U-78.76
T-78.76
C*
PWawa
MPURCHASE 08/09 BRICK NJ CARD 0117
LAuto & Transport:Gas & Fuel
^
D8/10'22
U-6.38
T-6.38
C*
PLowe's
MPURCHASE 08/10 UNION NJ CARD 0117
LConstruction Supplies
^
D8/11'22
U84,000.00
T84,000.00
C*
PEdeposit In Branch 1080 Broad Street
M08/11/22 03:44:46 PM 1080 BROAD ST BLOOMFIELD NJ 0117
LOther Inc
^
D8/11'22
U-458.31
T-458.31
C*
PAdp Tax Adp
MBUSINESS TO BUSINESS ACH 11 KVA96 081232A01 REIFAST CONSTRUCTION
LPayroll Taxes
^
D8/12'22
U-86.60
T-86.60
C*
PHot Spot
MPURCHASE 08/11 973-2423004 NJ CARD 0117
LPersonal
^
D8/12'22
U-1,476.84
T-1,476.84
C*
PJosil Auto Repair
MPURCHASE 08/11 ELIZABETH NJ CARD 3892
LAuto & Transport:Service & Parts
^
D8/12'22
U-33.11
T-33.11
C*
PAdp Payroll
MBUSINESS TO BUSINESS ACH 12 2RA96 8774367 Reifast Construction I
LPayroll Fees
^
D8/15'22
U-56.65
T-56.65
C*
PWawa
MPURCHASE 08/12 PHILADELPHIA PA CARD 3892
LAuto & Transport:Gas & Fuel
^
D8/15'22
U-81.28
T-81.28
C*
PSunoco
MPURCHASE 08/12 TRENTON NJ CARD 0117
LAuto & Transport:Gas & Fuel
^
D8/15'22
U-16.59
T-16.59
C*
PStaples
MPURCHASE 08/13 SPRINGFIELD NJ CARD 0117
LOffice
^
D8/15'22
U-47.97
T-47.97
C*
PAutozone
MPURCHASE 08/13 EDGEWATER PAR NJ CARD 3892
LAuto & Transport:Service & Parts
^
D8/15'22
U-90.65
T-90.65
C*
PExxon
MPURCHASE 08/13 WILLINGBORO NJ CARD 3892
LAuto & Transport:Gas & Fuel
^
D8/15'22
U-63.82
T-63.82
C*
PStaples
MPURCHASE 08/15 SPRINGFIELD NJ CARD 0117
LOffice
^
D8/15'22
U-22,762.00
T-22,762.00
C*
N1117
PGreen Master Contractor Corp
LSubcontractors
^
D8/15'22
U-27,000.00
T-27,000.00
C*
N1120
PReinaldo Da Rocha
LPersonal
^
D8/17'22
U-2,415.00
T-2,415.00
C*
PCity Erectors Inc
MPURCHASE 08/16 973-2278830 NJ CARD 0117
LEquip Rental
^
D8/17'22
U-54.89
T-54.89
C*
PHome Depot
MPURCHASE 08/17 BRICK NJ CARD 3892
LConstruction Supplies
^
D8/18'22
U-676.63
T-676.63
C*
PAdp Tax Adp
MBUSINESS TO BUSINESS ACH 18 KVA96 081933A01 REIFAST CONSTRUCTION
LPayroll Taxes
^
D8/18'22
U-1,500.00
T-1,500.00
C*
N1118
PReinaldo Da Rocha
LPersonal
^
D8/19'22
U-520.45
T-520.45
C*
PClosure Systems Pa
MPURCHASE 08/18 215-245-1717 PA CARD 3892
LConstruction Supplies
^
D8/19'22
U-33.11
T-33.11
C*
PAdp Payroll
MBUSINESS TO BUSINESS ACH 19 2RA96 3102033 Reifast Construction I
LPayroll Fees
^
D8/19'22
U107,253.00
T107,253.00
C*
N192057614
PDeposit Made In
LOther Inc
^
D8/22'22
U10,000.00
T10,000.00
C*
PMobile Deposit Ref
M:813220841069
LOther Inc
^
D8/22'22
U-369.15
T-369.15
C*
PClosure Systems Pa
MPURCHASE 08/19 215-245-1717 PA CARD 3892
LConstruction Supplies
^
D8/22'22
U-3,570.00
T-3,570.00
C*
PCity Erectors Inc
MPURCHASE 08/19 973-2278830 NJ CARD 0117
LEquip Rental
^
D8/22'22
U-59.60
T-59.60
C*
PStaples
MPURCHASE 08/21 SPRINGFIELD NJ CARD 0117
LOffice
^
D8/22'22
U-86.31
T-86.31
C*
PLowe's
MPURCHASE 08/22 UNION NJ CARD 0117
LConstruction Supplies
^
D8/22'22
U-14,576.00
T-14,576.00
C*
N1122
PGreen Master Contractor Corp
LSubcontractors
^
D8/23'22
U262.50
T262.50
C*
PCity Erectors Cran
MPURCHASE RETURN 08/22 973-2278830 NJ CARD 0117
LOther Inc
^
D8/23'22
U-3,198.75
T-3,198.75
C*
PAltus Lift Trucks Llc
MPURCHASE 08/22 908-8234089 NJ CARD 3892
LEquip Rental
^
D8/23'22
U-57.05
T-57.05
C*
PWawa
MPURCHASE 08/22 PLAINFIELD NJ CARD 3892
LAuto & Transport:Gas & Fuel
^
D8/23'22
U-64.04
T-64.04
C*
PStaples
MPURCHASE 08/23 BRICK NJ CARD 0117
LOffice
^
D8/23'22
U-43.13
T-43.13
C*
PHome Depot
MPURCHASE 08/23 GARWOOD NJ CARD 3892
LConstruction Supplies
^
D8/23'22
U-227.28
T-227.28
C*
PHome Depot
MPURCHASE 08/23 UNION NJ CARD 3892
LConstruction Supplies
^
D8/24'22
U-79.54
T-79.54
C*
PBp
MPURCHASE 08/22 UNION NJ CARD 0117
LAuto & Transport:Gas & Fuel
^
D8/24'22
U-91.00
T-91.00
C*
PWawa
MPURCHASE 08/23 PHILADELPHIA PA CARD 3892
LAuto & Transport:Gas & Fuel
^
D8/24'22
U-33.18
T-33.18
C*
PStaples
MPURCHASE 08/24 SPRINGFIELD NJ CARD 0117
LOffice
^
D8/25'22
U-79.00
T-79.00
C*
PRegional
MPURCHASE 08/24 HILLSIDE NJ CARD 0117
LPersonal
^
D8/25'22
U-37.79
T-37.79
C*
PLowe's
MPURCHASE 08/25 UNION NJ CARD 0117
LConstruction Supplies
^
D8/25'22
U-676.63
T-676.63
C*
PAdp Tax Adp
MBUSINESS TO BUSINESS ACH 25 KVA96 082634A01 REIFAST CONSTRUCTION
LPayroll Taxes
^
D8/25'22
U-477.00
T-477.00
C*
N1121
PConverted Ach Labor
MLABOR OSHA PAYMENT 220824 1121 PUSB03222353090822
LFines
^
D8/25'22
U-640.00
T-640.00
C*
N1125
PESL Auto Repair
MSilverado A/C
LAuto & Transport:Service & Parts
^
D8/26'22
U-60.00
T-60.00
C*
PWawa
MPURCHASE 08/25 PHILADELPHIA PA CARD 3892
LAuto & Transport:Gas & Fuel
^
D8/26'22
U-80.00
T-80.00
C*
PWawa
MPURCHASE 08/25 PHILADELPHIA PA CARD 3892
LAuto & Transport:Gas & Fuel
^
D8/26'22
U-495.02
T-495.02
C*
PClosure Systems Pa
MPURCHASE 08/25 215-245-1717 PA CARD 3892
LConstruction Supplies
^
D8/26'22
U-386.19
T-386.19
C*
PAuxiliary Service, Inc.
MPURCHASE 08/25 LAWRENCE TWP NJ CARD 3892
LConstruction Supplies
^
D8/26'22
U-32.35
T-32.35
C*
PHome Depot
MPURCHASE 08/26 GARWOOD NJ CARD 0117
LConstruction Supplies
^
D8/26'22
U-20.23
T-20.23
C*
PHome Depot
MPURCHASE 08/26 GARWOOD NJ CARD 0117
LConstruction Supplies
^
D8/26'22
U-33.11
T-33.11
C*
PAdp Payroll
MBUSINESS TO BUSINESS ACH 26 2RA96 2237453 Reifast Construction I
LPayroll Fees
^
D8/29'22
U-85.58
T-85.58
C*
PShell
MPURCHASE 08/25 COLONIA NJ CARD 0117
LPersonal
^
D8/29'22
U-100.00
T-100.00
C*
PWawa
MPURCHASE 08/26 PHILADELPHIA PA CARD 3892
LAuto & Transport:Gas & Fuel
^
D8/29'22
U-24.40
T-24.40
C*
PExxon
MPURCHASE 08/26 GARWOOD NJ CARD 0117
LAuto & Transport:Gas & Fuel
^
D8/29'22
U-991.73
T-991.73
C*
PJoe Service Ctr
MPURCHASE 08/26 BRICK NJ CARD 3892
LAuto & Transport:Gas & Fuel
^
D8/29'22
U-2,000.00
T-2,000.00
C*
N1123
PReinaldo Da Rocha
Mweek payment
LPersonal
^
D8/30'22
U-99.21
T-99.21
C*
PWawa
MPURCHASE 08/29 PHILADELPHIA PA CARD 3892
LAuto & Transport:Gas & Fuel
^
D8/30'22
U-7,022.50
T-7,022.50
C*
PClosure Systems Pa
MPURCHASE 08/29 215-245-1717 PA CARD 3892
LConstruction Supplies
^
D8/30'22
U-24.45
T-24.45
C*
PJoe Service Ctr
MPURCHASE 08/29 BRICK NJ CARD 3892
LAuto & Transport:Gas & Fuel
^
D8/30'22
U-50,000.00
T-50,000.00
C*
N1124
PGreen Master Contractor Corp
LSubcontractors
^
D8/30'22
U-19,878.00
T-19,878.00
C*
N1126
PGreen Master Contractor Corp
LSubcontractors
^
D8/30'22
U-5,000.00
T-5,000.00
C*
N1127
PGreen Master Contractor Corp
LSubcontractors
^
D9/ 1'22
U-502.12
T-502.12
C*
PLowe's
MPURCHASE 09/01 PHILADELPHIA PA CARD 3892
LConstruction Supplies
^
D9/ 1'22
U-676.63
T-676.63
C*
PAdp Tax Adp
MBUSINESS TO BUSINESS ACH 01 KVA96 090235A01 REIFAST CONSTRUCTION
LPayroll Taxes
^
D9/ 2'22
U-76.12
T-76.12
C*
PWawa
MPURCHASE 09/01 PHILADELPHIA PA CARD 3892
LAuto & Transport:Gas & Fuel
^
D9/ 2'22
U-33.11
T-33.11
C*
PAdp Payroll
MBUSINESS TO BUSINESS ACH 02 2RA96 0147088 Reifast Construction I
LPayroll Fees
^
D9/ 2'22
U-665.00
T-665.00
C*
N1128
PGEE Cotractor LLC
LSubcontractors
^
D9/ 6'22
U-34.81
T-34.81
C*
PSunoco
MPURCHASE 09/04 PHILADELPHIA PA CARD 3892
LAuto & Transport:Gas & Fuel
^
D9/ 6'22
U-23.49
T-23.49
C*
PWal-mart
MPURCHASE 09/06 PHILADELPHIA, PA CARD 3892
LPersonal
^
D9/ 6'22
U-2,000.00
T-2,000.00
C*
N1131
PReinaldo Da Rocha
Mweek payment
LPersonal
^
D9/ 7'22
U62,500.00
T62,500.00
C*
NATM
PATM Deposit
M09/07 9101 ROOSEVELT BLVD PHILADELPHIA PA 0122O 3892
LOther Inc
^
D9/ 7'22
U-124.80
T-124.80
C*
PNortheast Car Repairs Inc
MPURCHASE 09/06 PHILADELPHIA PA CARD 3892
LAuto & Transport:Service & Parts
^
D9/ 7'22
U-11,728.00
T-11,728.00
C*
N1129
PGreen Master Contractor Corp
LSubcontractors
^
D9/ 7'22
U-6,317.84
T-6,317.84
C*
N1132
PGreen Master Contractor Corp
LSubcontractors
^
D9/ 8'22
U-3,731.88
T-3,731.88
C*
PAltus Lift Trucks Llc
MPURCHASE 09/06 908-8234089 NJ CARD 3892
LEquip Rental
^
D9/ 9'22
U-88.45
T-88.45
C*
PSunoco
MPURCHASE 09/07 MAHWAH NJ CARD 3892
LAuto & Transport:Gas & Fuel
^
D9/ 9'22
U-31.76
T-31.76
C*
PBp
MPURCHASE 09/08 TRENTON NJ CARD 3892
LAuto & Transport:Gas & Fuel
^
D9/ 9'22
U-33.11
T-33.11
C*
PAdp Payroll
MBUSINESS TO BUSINESS ACH 09 2RA96 1178633 Reifast Construction I
LPayroll Fees
^
D9/ 9'22
U-676.63
T-676.63
C*
PAdp Tax Adp
MBUSINESS TO BUSINESS ACH 09 KVA96 090936A01 REIFAST CONSTRUCTION
LPayroll Taxes
^
D9/ 9'22
U-2,000.00
T-2,000.00
C*
N1136
PReinaldo Da Rocha
Mweek payment
LPersonal
^
D9/12'22
U-34.00
T-34.00
C*
PShell
MPURCHASE 09/08 WESTFIELD NJ CARD 3892
LPersonal
^
D9/12'22
U-35.24
T-35.24
C*
PShell
MPURCHASE 09/09 PLAINFIELD NJ CARD 3892
LPersonal
^
D9/13'22
U5,400.00
T5,400.00
C*
PMobile Deposit Ref
M:817130658507
LOther Inc
^
D9/13'22
U-32.23
T-32.23
C*
PWawa
MPURCHASE 09/12 PHILADELPHIA PA CARD 3892
LAuto & Transport:Gas & Fuel
^
D9/13'22
U-18,010.00
T-18,010.00
C*
N1135
PGreen Master Contractor Corp
LSubcontractors
^
D9/14'22
U-28.27
T-28.27
C*
PSunoco
MPURCHASE 09/12 MAHWAH NJ CARD 3892
LAuto & Transport:Gas & Fuel
^
D9/14'22
U-116.20
T-116.20
C*
PBest Buy
MPURCHASE 09/14 BRIDGEWATER NJ CARD 3892
LPersonal
^
D9/14'22
U-10,000.00
T-10,000.00
C*
N1133
PDa Silva And Associate LLC
M360 Landing St House
LSubcontractors
^
D9/15'22
U-130.00
T-130.00
C*
PEl Palacio Restaurante
MPURCHASE 09/13 BOUND BROOK NJ CARD 3892
LPersonal
^
D9/15'22
U-60.46
T-60.46
C*
PWawa
MPURCHASE 09/14 PHILADELPHIA PA CARD 3892
LAuto & Transport:Gas & Fuel
^
D9/15'22
U-676.63
T-676.63
C*
PAdp Tax Adp
MBUSINESS TO BUSINESS ACH 15 KVA96 091637A01 REIFAST CONSTRUCTION
LPayroll Taxes
^
D9/15'22
U-477.00
T-477.00
C*
N1134
PConverted Ach Labor
MLABOR OSHA PAYMENT 220914 1134 PUSB03222563466976
LFines
^
D9/16'22
U-43.28
T-43.28
C*
PWawa
MPURCHASE 09/15 PHILADELPHIA PA CARD 3892
LAuto & Transport:Gas & Fuel
^
D9/16'22
U-33.59
T-33.59
C*
PJoe Service Ctr
MPURCHASE 09/15 BRICK NJ CARD 3892
LAuto & Transport:Gas & Fuel
^
D9/16'22
U-154.86
T-154.86
C*
PStaples
MPURCHASE 09/16 WATCHUNG NJ CARD 0117
LOffice
^
D9/16'22
U-33.91
T-33.91
C*
PStaples
MPURCHASE 09/16 SPRINGFIELD NJ CARD 0117
LOffice
^
D9/16'22
U-33.11
T-33.11
C*
PAdp Payroll
MBUSINESS TO BUSINESS ACH 16 2RA96 4126457 Reifast Construction I
LPayroll Fees
^
D9/19'22
U-803.52
T-803.52
C*
PCd Automotive
MPURCHASE 09/15 PHILADELPHIA PA CARD 3892
LAuto & Transport
^
D9/19'22
U-67.20
T-67.20
C*
PWawa
MPURCHASE 09/16 NORTH PLAINFI NJ CARD 0117
LAuto & Transport:Gas & Fuel
^
D9/19'22
U-84.31
T-84.31
C*
PSunoco
MPURCHASE 09/17 PHILADELPHIA PA CARD 3892
LAuto & Transport:Gas & Fuel
^
D9/19'22
U-12,372.00
T-12,372.00
C*
N1137
PGreen Master Contractor Corp
LSubcontractors
^
D9/19'22
U-2,000.00
T-2,000.00
C*
N1138
PReinaldo Da Rocha
Mweek payment
LPersonal
^
D9/21'22
U60,650.00
T60,650.00
C*
PEdeposit In Branch 1221 Liberty Avenue
M09/21/22 02:02:56 PM 1221 LIBERTY AVE HILLSIDE NJ 0117
LOther Inc
^
D9/21'22
U-5,953.92
T-5,953.92
C*
PSoutherncarlson, Inc.
MPURCHASE 09/20 OMAHA NE CARD 3892
LConstruction Supplies
^
D9/22'22
U-69.32
T-69.32
C*
PWawa
MPURCHASE 09/21 NORTH PLAINFI NJ CARD 0117
LAuto & Transport:Gas & Fuel
^
D9/22'22
U-676.63
T-676.63
C*
PAdp Tax Adp
MBUSINESS TO BUSINESS ACH 22 KVA96 092338A01 REIFAST CONSTRUCTION
LPayroll Taxes
^
D9/23'22
U-10.65
T-10.65
C*
PHarbor Freight Tools Usa, Inc.
MPURCHASE 09/23 BRICK NJ CARD 3892
LConstruction Supplies
^
D9/23'22
U-33.11
T-33.11
C*
PAdp Payroll
MBUSINESS TO BUSINESS ACH 23 2RA96 8783018 Reifast Construction I
LPayroll Fees
^
D9/26'22
U-467.60
T-467.60
C*
PU-haul
MPURCHASE 09/18 PHILADELPHI 1 CARD
LEquip Rental
^
D9/26'22
U-900.00
T-900.00
C*
PLaw Offices
MPURCHASE 09/21 215-3425024 PA CARD 3892
LProf and Legal Fees
^
D9/26'22
U-43.67
T-43.67
C*
PRoyal Farms
MPURCHASE 09/22 MANVILLE NJ CARD 3892
LPersonal
^
D9/26'22
U-99.00
T-99.00
C*
PRoyal Farms
MPURCHASE 09/22 MANVILLE NJ CARD 3892
LPersonal
^
D9/26'22
U-15.10
T-15.10
C*
PRoyal Farms
MPURCHASE 09/22 MANVILLE NJ CARD 3892
LPersonal
^
D9/26'22
U-302.63
T-302.63
C*
PAuxiliary Service, Inc.
MPURCHASE 09/23 PENNSAUKEN NJ CARD 3892
LConstruction Supplies
^
D9/26'22
U-103.48
T-103.48
C*
PAuxiliary Service, Inc.
MPURCHASE 09/23 PENNSAUKEN NJ CARD 3892
LConstruction Supplies
^
D9/26'22
U-40.00
T-40.00
C*
PWawa
MPURCHASE 09/24 PHILADELPHIA PA CARD 3892
LAuto & Transport:Gas & Fuel
^
D9/26'22
U-36.21
T-36.21
C*
PLowe's
MPURCHASE 09/26 UNION NJ CARD 0117
LConstruction Supplies
^
D9/26'22
U-2,000.00
T-2,000.00
C*
N1141
PReinaldo Da Rocha
Mweek payment
LPersonal
^
D9/26'22
U-8,320.00
T-8,320.00
C*
N1142
PGreen Master Contractor Corp
LSubcontractors
^
D9/27'22
U-39.47
T-39.47
C*
PConoco
MPURCHASE 09/26 PHILADELPHIA PA CARD 3892
LPersonal
^
D9/27'22
U-88.11
T-88.11
C*
PRegional
MPURCHASE 09/26 HILLSIDE NJ CARD 3892
LPersonal
^
D9/27'22
U-65.82
T-65.82
C*
PBp
MPURCHASE 09/26 HILLSIDE NJ CARD 0117
LAuto & Transport:Gas & Fuel
^
D9/27'22
U-87.30
T-87.30
C*
PLowe's
MPURCHASE 09/27 BRICK NJ CARD 3892
LConstruction Supplies
^
D9/27'22
U-131.88
T-131.88
C*
PStaples
MPURCHASE 09/27 SPRINGFIELD NJ CARD 0117
LOffice
^
D9/28'22
U1,030.27
T1,030.27
C*
PFoley Incorporate Return
MPURCHASE RETURN 09/26 732-8855555 NJ CARD 0117
LOther Inc
^
D9/28'22
U37,000.00
T37,000.00
C*
PEdeposit In Branch 432 West Union Avenue
M09/28/22 04:37:14 PM 432 W UNION AVE BOUND BROOK NJ 0117
LOther Inc
^
D9/28'22
U-101.00
T-101.00
C*
PJoe Service Ctr
MPURCHASE 09/27 BRICK NJ CARD 3892
LAuto & Transport:Gas & Fuel
^
D9/28'22
U-138.79
T-138.79
C*
PHome Depot
MPURCHASE 09/28 LAKEWOOD NJ CARD 3892
LConstruction Supplies
^
D9/28'22
U-86.37
T-86.37
C*
PHome Depot
MPURCHASE 09/28 BRICK NJ CARD 3892
LConstruction Supplies
^
D9/29'22
U-70.61
T-70.61
C*
PWawa
MPURCHASE 09/28 PHILADELPHIA PA CARD 3892
LAuto & Transport:Gas & Fuel
^
D9/29'22
U-232.78
T-232.78
C*
PLowe's
MPURCHASE 09/29 TREVOSE PA CARD 3892
LConstruction Supplies
^
D9/29'22
U-676.63
T-676.63
C*
PAdp Tax Adp
MBUSINESS TO BUSINESS ACH 29 KVA96 093039A01 REIFAST CONSTRUCTION
LPayroll Taxes
^
D9/30'22
U-27.50
T-27.50
C*
PSunoco
MPURCHASE 09/28 PHILADELPHIA PA CARD 3892
LAuto & Transport:Gas & Fuel
^
D9/30'22
U-175.00
T-175.00
C*
PSunoco
MPURCHASE 09/28 PHILADELPHIA PA CARD 3892
LAuto & Transport:Gas & Fuel
^
D9/30'22
U-33.11
T-33.11
C*
PAdp Payroll
MBUSINESS TO BUSINESS ACH 30 927225079466R07 REIFAST CONSTRUCTION
LPayroll Fees
^
D10/ 3'22
U17,250.00
T17,250.00
C*
PMobile Deposit Ref
M:211030679728
LOther Inc
^
D10/ 3'22
U-245.92
T-245.92
C*
PClosure Systems
MPURCHASE 09/30 BENSALEM PA CARD 3892
LConstruction Supplies
^
D10/ 3'22
U-553.00
T-553.00
C*
N1139
PConverted Ach Fiscalsvcdms
MFISCALSVCDMS BIR PAYMENT 220930 1139 PUSB03222739183853
LFines
^
D10/ 3'22
U-7,500.00
T-7,500.00
C*
N1144
PGreen Master Contractor Corp
LSubcontractors
^
D10/ 4'22
U-49.56
T-49.56
C*
PQuick Chek Corporation
MPURCHASE 10/02 JAMESBURG NJ CARD 0117
LPersonal
^
D10/ 4'22
U-54.14
T-54.14
C*
PWawa
MPURCHASE 10/03 TREVOSE PA CARD 3892
LAuto & Transport:Gas & Fuel
^
D10/ 4'22
U-3,032.04
T-3,032.04
C*
PJosil Auto Repair
MPURCHASE 10/03 ELIZABETH NJ CARD 0117
LAuto & Transport:Service & Parts
^
D10/ 4'22
U-434.59
T-434.59
C*
PBest Buy
MPURCHASE 10/04 WILLOW GROVE PA CARD 3892
LPersonal
^
D10/ 4'22
U-331.66
T-331.66
C*
PStaples
MPURCHASE 10/04 WILLOW GROVE PA CARD 3892
LOffice
^
D10/ 5'22
U-2,583.00
T-2,583.00
C*
PCity Erectors Inc
MPURCHASE 10/04 973-2278830 NJ CARD 0117
LEquip Rental
^
D10/ 6'22
U-43.11
T-43.11
C*
PConoco
MPURCHASE 10/05 PHILADELPHIA PA CARD 3892
LPersonal
^
D10/ 6'22
U-73.41
T-73.41
C*
PRegional
MPURCHASE 10/05 HILLSIDE NJ CARD 0117
LPersonal
^
D10/ 6'22
U-38.45
T-38.45
C*
PCalifon Gasoline
MPURCHASE 10/06 CALIFON NJ CARD 3892
LAuto & Transport:Gas & Fuel
^
D10/ 6'22
U-676.63
T-676.63
C*
PAdp Tax Adp
MBUSINESS TO BUSINESS ACH 06 KVA96 100740A01 REIFAST CONSTRUCTION
LPayroll Taxes
^
D10/ 7'22
U-37.36
T-37.36
C*
PWawa
MPURCHASE 10/06 PHILADELPHIA PA CARD 3892
LAuto & Transport:Gas & Fuel
^
D10/ 7'22
U-83.30
T-83.30
C*
PHome Depot
MPURCHASE 10/07 GARWOOD NJ CARD 0117
LConstruction Supplies
^
D10/ 7'22
U-33.11
T-33.11
C*
PAdp Payroll
MBUSINESS TO BUSINESS ACH 07 407551573014R07 REIFAST CONSTRUCTION
LPayroll Fees
^
D10/11'22
U-25.00
T-25.00
C*
PWawa
MPURCHASE 10/07 LUMBERTON NJ CARD 3892
LAuto & Transport:Gas & Fuel
^
D10/11'22
U-50.46
T-50.46
C*
PWawa
MPURCHASE 10/10 PHILADELPHIA PA CARD 3892
LAuto & Transport:Gas & Fuel
^
D10/11'22
U-65.89
T-65.89
C*
PHome Depot
MPURCHASE 10/10 LAKEWOOD NJ CARD 3892
LConstruction Supplies
^
D10/11'22
U-69.52
T-69.52
C*
PWawa
MPURCHASE 10/10 UNION NJ CARD 0117
LAuto & Transport:Gas & Fuel
^
D10/11'22
U-270.00
T-270.00
C*
PUs Fuel Green
MPURCHASE 10/10 GREEN BROOK T NJ CARD 3892
LAuto & Transport:Gas & Fuel
^
D10/11'22
U-102.17
T-102.17
C*
PStaples
MPURCHASE 10/11 SPRINGFIELD NJ CARD 0117
LOffice
^
D10/11'22
U-125.27
T-125.27
C*
PAutozone
MPURCHASE 10/11 PHILADELPHIA PA CARD 3892
LAuto & Transport:Service & Parts
^
D10/11'22
U-20,098.00
T-20,098.00
C*
N1147
PMain Line Contractor Corp
LSubcontractors
^
D10/11'22
U-5,395.00
T-5,395.00
C*
N1148
PGreen Master Contractor Corp
LSubcontractors
^
D10/12'22
U-143.94
T-143.94
C*
PFinish Line
MPURCHASE 10/11 MAPLE SHADE NJ CARD 3892
LPersonal
^
D10/12'22
U-62.60
T-62.60
C*
PSunoco
MPURCHASE 10/11 PALMYRA NJ CARD 3892
LAuto & Transport:Gas & Fuel
^
D10/12'22
U-54.89
T-54.89
C*
PStaples
MPURCHASE 10/12 SPRINGFIELD NJ CARD 0117
LOffice
^
D10/12'22
U-2,000.00
T-2,000.00
C*
N1149
PReinaldo Da Rocha
Mweek payment
LPersonal
^
D10/12'22
U-2,000.00
T-2,000.00
C*
N1150
PReinaldo Da Rocha
Mweek payment
LPersonal
^
D10/13'22
U-676.63
T-676.63
C*
PAdp Tax Adp
MBUSINESS TO BUSINESS ACH 13 KVA96 101441A01 REIFAST CONSTRUCTION
LPayroll Taxes
^
D10/14'22
U-44.54
T-44.54
C*
PWawa
MPURCHASE 10/13 PHILADELPHIA PA CARD 3892
LAuto & Transport:Gas & Fuel
^
D10/14'22
U-73.41
T-73.41
C*
PRegional
MPURCHASE 10/13 HILLSIDE NJ CARD 3892
LPersonal
^
D10/14'22
U-66.37
T-66.37
C*
PAutozone
MPURCHASE 10/14 PHILADELPHIA PA CARD 3892
LAuto & Transport:Service & Parts
^
D10/14'22
U-33.11
T-33.11
C*
PAdp Payroll
MBUSINESS TO BUSINESS ACH 14 437565504166R07 REIFAST CONSTRUCTION
LPayroll Fees
^
D10/17'22
U11,184.75
T11,184.75
C*
PMobile Deposit Ref
M:711170940926
LOther Inc
^
D10/17'22
U-1,732.50
T-1,732.50
C*
PCity Erectors Inc
MPURCHASE 10/15 973-2278830 NJ CARD 0117
LEquip Rental
^
D10/17'22
U-94.51
T-94.51
C*
PConoco
MPURCHASE 10/15 BURLINGTON TO NJ CARD 3892
LPersonal
^
D10/17'22
U-3,909.88
T-3,909.88
C*
N1143
PSunbelt Rentals, Inc.
LEquip Rental
^
D10/17'22
U-16,505.00
T-16,505.00
C*
N1152
PGreen Master Contractor Corp
LSubcontractors
^
D10/18'22
U-76.15
T-76.15
C*
PBp
MPURCHASE 10/17 HILLSIDE NJ CARD 0117
LAuto & Transport:Gas & Fuel
^
D10/18'22
U-57.63
T-57.63
C*
PConoco
MPURCHASE 10/17 PHILADELPHIA PA CARD 3892
LPersonal
^
D10/19'22
U-100.00
T-100.00
C*
PWawa
MPURCHASE 10/18 PHILADELPHIA PA CARD 3892
LAuto & Transport:Gas & Fuel
^
D10/20'22
U-61.39
T-61.39
C*
PConoco
MPURCHASE 10/19 PHILADELPHIA PA CARD 3892
LPersonal
^
D10/20'22
U-78.00
T-78.00
C*
PRegional
MPURCHASE 10/19 HILLSIDE NJ CARD 3892
LPersonal
^
D10/20'22
U-175.00
T-175.00
C*
PBp
MPURCHASE 10/19 HILLSIDE NJ CARD 3892
LAuto & Transport:Gas & Fuel
^
D10/20'22
U-676.63
T-676.63
C*
PAdp Tax Adp
MBUSINESS TO BUSINESS ACH 20 KVA96 102142A01 REIFAST CONSTRUCTION
LPayroll Taxes
^
D10/20'22
U-487.40
T-487.40
C*
N1140
PConverted Ach Labor
MLABOR OSHA PAYMENT 221019 1140 PUSB03222923143447
LFines
^
D10/21'22
U-68.10
T-68.10
C*
PWawa
MPURCHASE 10/20 PHILADELPHIA PA CARD 3892
LAuto & Transport:Gas & Fuel
^
D10/21'22
U-1,165.70
T-1,165.70
C*
PAuxiliary Service, Inc.
MPURCHASE 10/20 LAWRENCE TWP NJ CARD 3892
LConstruction Supplies
^
D10/21'22
U-109.33
T-109.33
C*
PHome Depot
MPURCHASE 10/21 WATCHUNG NJ CARD 0117
LConstruction Supplies
^
D10/21'22
U-15.90
T-15.90
C*
PHome Depot
MPURCHASE 10/21 WATCHUNG NJ CARD 0117
LConstruction Supplies
^
D10/21'22
U-33.11
T-33.11
C*
PAdp Payroll
MBUSINESS TO BUSINESS ACH 21 432553530018R07 REIFAST CONSTRUCTION
LPayroll Fees
^
D10/21'22
U-3,500.00
T-3,500.00
C*
N1112
PJosil Auto Repair
LAuto & Transport:Service & Parts
^
D10/21'22
U-2,000.00
T-2,000.00
C*
N1155
PReinaldo Da Rocha
Mweek payment
LPersonal
^
D10/21'22
U-2,000.00
T-2,000.00
C*
N1156
PReinaldo Da Rocha
Mweek payment
LPersonal
^
D10/24'22
U-2,257.50
T-2,257.50
C*
PCity Erectors Inc
MPURCHASE 10/21 973-2278830 NJ CARD 0117
LEquip Rental
^
D10/24'22
U-6.39
T-6.39
C*
PStaples
MPURCHASE 10/22 SPRINGFIELD NJ CARD 0117
LOffice
^
D10/24'22
U-56.61
T-56.61
C*
PConoco
MPURCHASE 10/22 PHILADELPHIA PA CARD 3892
LPersonal
^
D10/24'22
U-97.18
T-97.18
C*
PBest Buy
MPURCHASE 10/22 PHILADELPHIA PA CARD 3892
LPersonal
^
D10/24'22
U-733.99
T-733.99
C*
PSprint Pcs
MPURCHASE 10/22 800-639-6111 KS CARD 3892
LBills & Utilities:Mobile Phone
^
D10/24'22
U-337.43
T-337.43
C*
PBull Boi Llc
MPURCHASE 10/23 PHILADELPHIA PA CARD 3892
LPersonal
^
D10/24'22
U-3,198.75
T-3,198.75
C*
PAltus Lift Trucks Llc
MPURCHASE 10/23 908-8234089 NJ CARD 3892
LEquip Rental
^
D10/24'22
U-2,694.68
T-2,694.68
C*
N1145
PVip Construction Llc
LSubcontractors
^
D10/24'22
U-1,550.00
T-1,550.00
C*
N1146
PVip Construction Llc
LSubcontractors
^
D10/24'22
U-16,740.00
T-16,740.00
C*
N1153
PMain Line Contractor Corp
LSubcontractors
^
D10/24'22
U-18,865.00
T-18,865.00
C*
N1154
PGreen Master Contractor Corp
LSubcontractors
^
D10/26'22
U-91.66
T-91.66
C*
PWawa
MPURCHASE 10/25 PHILADELPHIA PA CARD 3892
LAuto & Transport:Gas & Fuel
^
D10/26'22
U-164.78
T-164.78
C*
PLowe's
MPURCHASE 10/26 HACKETTSTOWN NJ CARD 3892
LConstruction Supplies
^
D10/27'22
U-22.33
T-22.33
C*
PWawa
MPURCHASE 10/26 PHILADELPHIA PA CARD 3892
LAuto & Transport:Gas & Fuel
^
D10/27'22
U-70.86
T-70.86
C*
PWawa
MPURCHASE 10/26 UNION NJ CARD 0117
LAuto & Transport:Gas & Fuel
^
D10/27'22
U-676.63
T-676.63
C*
PAdp Tax Adp
MBUSINESS TO BUSINESS ACH 27 KVA96 102843A01 REIFAST CONSTRUCTION
LPayroll Taxes
^
D10/28'22
U32,000.00
T32,000.00
C*
PEdeposit In Branch 1221 Liberty Avenue
M10/28/22 12:25:20 PM 1221 LIBERTY AVE HILLSIDE NJ 0117
LOther Inc
^
D10/28'22
U-72.17
T-72.17
C*
PWawa
MPURCHASE 10/27 PHILADELPHIA PA CARD 3892
LAuto & Transport:Gas & Fuel
^
D10/28'22
U-33.11
T-33.11
C*
PAdp Payroll
MBUSINESS TO BUSINESS ACH 28 790064547248R07 REIFAST CONSTRUCTION
LPayroll Fees
^
D10/31'22
U-100.00
T-100.00
C*
PWawa
MPURCHASE 10/28 PHILADELPHIA PA CARD 3892
LAuto & Transport:Gas & Fuel
^
D10/31'22
U-42.06
T-42.06
C*
PWawa
MPURCHASE 10/28 PHILADELPHIA PA CARD 3892
LAuto & Transport:Gas & Fuel
^
D10/31'22
U-63.10
T-63.10
C*
PSunoco
MPURCHASE 10/28 PHILADELPHIA PA CARD 3892
LAuto & Transport:Gas & Fuel
^
D10/31'22
U-128.40
T-128.40
C*
PJosil Auto Repair
MPURCHASE 10/29 ELIZABETH NJ CARD 0117
LAuto & Transport:Service & Parts
^
D10/31'22
U-97.62
T-97.62
C*
PConoco
MPURCHASE 10/29 CARTERET NJ CARD 3892
LPersonal
^
!Account
NChecking 9122
TBank
^
!Type:Bank 
D2/ 5'20
U65,042.19
T65,042.19
CX
POpening Balance
L[Checking 9122]
^
D2/ 6'20
U100.00
T100.00
C*
PBranch Boulevard North
MBRANCH TRANSACTION AT BOULEVARD - NORTH EAST  - CASH DEPOSIT.
LDeposit
^
D2/19'20
U0.10
T0.10
C*
PJose Cepa Fitransfer
MJOSE S CEPA FITRANSFER
LDeposit
^
D2/19'20
U0.24
T0.24
C*
PJose Cepa Fitransfer
MJOSE S CEPA FITRANSFER
LDeposit
^
D3/ 9'20
U35,000.00
T35,000.00
C*
PInternet Transfer Acct
MINTERNET TRANSFER FROM ACCT 231372691 2851117955 - JCPA GROUP LL
LDeposit
^
D3/12'20
U63,143.69
T63,143.69
C*
PBranch Boulevard North
MBRANCH TRANSACTION AT BOULEVARD - NORTH EAST  - CHECK DEPOSIT.
LDeposit
^
D3/12'20
U-3,735.00
T-3,735.00
C*
N102
PVip Construction Llc
MCHECK 000000000102
LSubcontractors
^
D3/12'20
U-3,720.00
T-3,720.00
C*
N103
PVip Construction Llc
MCHECK 000000000103
LSubcontractors
^
D3/17'20
U-24,500.00
T-24,500.00
C*
N104
PLifetime Contractor Corp
MCHECK 000000000104
LSubcontractors
^
D3/24'20
U-61,220.00
T-61,220.00
C*
N105
PLifetime Contractor Corp
MCHECK 000000000105
LSubcontractors
^
D4/10'20
U44,125.00
T44,125.00
C*
PBranch Boulevard North
MBRANCH TRANSACTION AT BOULEVARD - NORTH EAST  - CHECK DEPOSIT.
LDeposit
^
D4/29'20
U-65.07
T-65.07
C*
PJumbo Market Pa
MJUMBO MARKET PHILADELPHIA/PA US CARD PURCHASE
LPersonal
^
D5/20'20
U46,000.00
T46,000.00
C*
PATM Deposit
MATM CHECK DEPOSIT D704 164
LDeposit
^
D5/20'20
U-117.22
T-117.22
C*
PHome Depot
MTHE HOME DEPOT LINDEN /NJ US CARD PURCHASE
LConstruction Supplies
^
D5/26'20
U-181.05
T-181.05
C*
POfficemax
MOFFICE MAX/OFFI PHILADELPHIA/PA US CARD PURCHASE
LOffice
^
D5/29'20
U-93,735.00
T-93,735.00
C*
N107
PLifetime Contractor Corp
MCHECK 000000000107
LSubcontractors
^
D6/19'20
U20,000.00
T20,000.00
C*
PBranch Boulevard North
MBRANCH TRANSACTION AT BOULEVARD - NORTH EAST  - CHECK DEPOSIT.
LDeposit
^
D6/29'20
U22,500.00
T22,500.00
C*
PATM Deposit
MATM CHECK DEPOSIT N471 1203
LDeposit
^
D7/ 1'20
U-18,000.00
T-18,000.00
C*
N108
PLifetime Contractor Corp
MCHECK 000000000108
LSubcontractors
^
D7/ 3'20
U-362.28
T-362.28
C*
PLowe's
MLOWE'S #1848 PHILADELPHIA/PA US CARD PURCHASE
LConstruction Supplies
^
D7/ 6'20
U-93.77
T-93.77
C*
PLowe's
MLOWE'S #1848 PHILADELPHIA/PA US CARD PURCHASE
LConstruction Supplies
^
D7/ 7'20
U51.75
T51.75
C*
PLowes Philadelphia Pa
MLOWES #01848* PHILADELPHIA /PA US CARD PURCHASE REFUND
LDeposit
^
D7/ 9'20
U-23,000.00
T-23,000.00
C*
N109
PLifetime Contractor Corp
MCHECK 000000000109
LSubcontractors
^
D7/14'20
U-716.50
T-716.50
C*
PAuxiliary Service, Inc.
MAUXILIARY SERVI LAWRENCE TWP /NJ US CARD PURCHASE
LConstruction Supplies
^
D7/20'20
U-425.72
T-425.72
C*
PAuxiliary Service, Inc.
MAUXILIARY SERVI LAWRENCE TWP /NJ US CARD PURCHASE
LConstruction Supplies
^
D7/21'20
U41.82
T41.82
C*
PLowes Philadelphia Pa
MLOWES #01848* PHILADELPHIA /PA US CARD PURCHASE REFUND
LDeposit
^
D7/21'20
U49.14
T49.14
C*
PLowes Philadelphia Pa
MLOWES #01848* PHILADELPHIA /PA US CARD PURCHASE REFUND
LDeposit
^
D7/23'20
U-77.29
T-77.29
C*
PExxon
MEXXONMOBIL 4 NEW BRUNSWICK /NJ US CARD PURCHASE
LAuto & Transport:Gas & Fuel
^
D7/27'20
U-139.60
T-139.60
C*
PFoothill Servic Bound
MFOOTHILL SERVIC BOUND BROOK /NJ US CARD PURCHASE
LAuto & Transport
^
D7/28'20
U-27.30
T-27.30
C*
PDelta
MDELTA MIDDLESEX /NJ US CARD PURCHASE
LTravel:Air Travel
^
D7/28'20
U-61.02
T-61.02
C*
PDelta
MDELTA MIDDLESEX /NJ US CARD PURCHASE
LTravel:Air Travel
^
D7/29'20
U-20.00
T-20.00
C*
PFoothill Servic Bound
MFOOTHILL SERVIC BOUND BROOK /NJ US CARD PURCHASE
LAuto & Transport
^
D7/30'20
U-52.51
T-52.51
C*
PDelta
MDELTA MIDDLESEX /NJ US CARD PURCHASE
LTravel:Air Travel
^
D8/ 3'20
U-50.51
T-50.51
C*
PD D Gas
MD D GAS STATION PHILADELPHIA /PA US CARD PURCHASE
LAuto & Transport:Gas & Fuel
^
D8/ 3'20
U-75.00
T-75.00
C*
PD D Gas
MD D GAS STATION PHILADELPHIA /PA US CARD PURCHASE
LAuto & Transport:Gas & Fuel
^
D8/ 5'20
U50,000.00
T50,000.00
C*
PATM Deposit
MATM CHECK DEPOSIT N471 1982
LDeposit
^
D8/ 7'20
U-484.88
T-484.88
C*
POpc Westlake Fi
MOPC*WESTLAKE FI 323-692-8800 /CA US CARD PURCHASE
LInsurance
^
D8/11'20
U-46.42
T-46.42
C*
PDelta
MDELTA MIDDLESEX /NJ US CARD PURCHASE
LTravel:Air Travel
^
D8/12'20
U-35.00
T-35.00
C*
PDelta
MDELTA MIDDLESEX /NJ US CARD PURCHASE
LTravel:Air Travel
^
D8/13'20
U-45.15
T-45.15
C*
PDelta
MDELTA MIDDLESEX /NJ US CARD PURCHASE
LTravel:Air Travel
^
D8/17'20
U-10.00
T-10.00
C*
PFees
MFEES PAYMENT.
LFees & Charges:Bank Fee
^
D8/17'20
U-265.20
T-265.20
C*
PNunos Meat Mark
MNUNOS MEAT MARK PHILADELPHIA /PA US CARD PURCHASE
LPersonal
^
D8/17'20
U-33.65
T-33.65
C*
PDelta
MDELTA MIDDLESEX /NJ US CARD PURCHASE
LTravel:Air Travel
^
D8/17'20
U-45,000.00
T-45,000.00
C*
PLifetime Contractor Corp
MBRANCH TRANSACTION AT PISCATAWAY  - CHECK PURCHASE.
LSubcontractors
^
D8/17'20
U-52.16
T-52.16
C*
PDelta
MDELTA MIDDLESEX /NJ US CARD PURCHASE
LTravel:Air Travel
^
D8/17'20
U-30.00
T-30.00
C*
PDelta
MDELTA MIDDLESEX /NJ US CARD PURCHASE
LTravel:Air Travel
^
D8/18'20
U-66.48
T-66.48
C*
PSunoco
MSUNOCO 03682986 HAMILTON TWP /NJ US CARD PURCHASE
LAuto & Transport:Gas & Fuel
^
D8/20'20
U-479.65
T-479.65
C*
PHome Depot
MTHE HOME DEPOT PHILADELPHIA/PA US CARD PURCHASE
LConstruction Supplies
^
D8/20'20
U-65.11
T-65.11
C*
P19 Petroleum
M19 PETROLEUM MIDDLESEX /NJ US CARD PURCHASE
LAuto & Transport:Gas & Fuel
^
D8/20'20
U-102.05
T-102.05
C*
PO Lagar Union
MO LAGAR UNION /NJ US CARD PURCHASE
LPersonal
^
D8/24'20
U-58.14
T-58.14
C*
P19 Petroleum
M19 PETROLEUM MIDDLESEX /NJ US CARD PURCHASE
LAuto & Transport:Gas & Fuel
^
D8/27'20
U-71.73
T-71.73
C*
PDelta
MDELTA MIDDLESEX /NJ US CARD PURCHASE
LTravel:Air Travel
^
D8/28'20
U-42.03
T-42.03
C*
PDelta
MDELTA MIDDLESEX /NJ US CARD PURCHASE
LTravel:Air Travel
^
D8/28'20
U-39.00
T-39.00
C*
P19 Petroleum
M19 PETROLEUM MIDDLESEX /NJ US CARD PURCHASE
LAuto & Transport:Gas & Fuel
^
D8/31'20
U-47.00
T-47.00
C*
PExxon
MBAKERS EXXON LEWES /DE US CARD PURCHASE
LAuto & Transport:Gas & Fuel
^
D8/31'20
U-15.00
T-15.00
C*
PMr Wash Mwo
MMR WASH MWO #15 REHOBOTH BEAC /DE US CARD PURCHASE
LAuto & Transport
^
D8/31'20
U-38.20
T-38.20
C*
PFoothill Servic Bound
MFOOTHILL SERVIC BOUND BROOK /NJ US CARD PURCHASE
LAuto & Transport
^
D9/ 1'20
U60,000.00
T60,000.00
C*
PATM Deposit
MATM CHECK DEPOSIT N471 79
LDeposit
^
D9/ 2'20
U-68.00
T-68.00
C*
PBristol Fuel St
MBRISTOL FUEL ST BRISTOL /PA US CARD PURCHASE
LAuto & Transport:Gas & Fuel
^
D9/ 4'20
U-63.00
T-63.00
C*
PDelta
MDELTA MIDDLESEX /NJ US CARD PURCHASE
LTravel:Air Travel
^
D9/ 8'20
U-51.01
T-51.01
C*
PSunoco
MSUNOCO 00138735 PHILADELPHIA /PA US CARD PURCHASE
LAuto & Transport:Gas & Fuel
^
D9/ 8'20
U-35.11
T-35.11
C*
P19 Petroleum
M19 PETROLEUM MIDDLESEX /NJ US CARD PURCHASE
LAuto & Transport:Gas & Fuel
^
D9/ 9'20
U-41.80
T-41.80
C*
PDelta
MDELTA MIDDLESEX /NJ US CARD PURCHASE
LTravel:Air Travel
^
D9/10'20
U-17.50
T-17.50
C*
PDelta
MDELTA MIDDLESEX /NJ US CARD PURCHASE
LTravel:Air Travel
^
D9/15'20
U-49.60
T-49.60
C*
PMac's
MBP#1923317MAC'S DELRAN /NJ US CARD PURCHASE
LPersonal
^
D9/21'20
U-10.00
T-10.00
C*
PFees
MFEES PAYMENT.
LFees & Charges:Bank Fee
^
D9/21'20
U-55,000.00
T-55,000.00
C*
PLifetime Contractor Corp
MBRANCH TRANSACTION AT BOULEVARD - NORTH EAST  - CHECK PURCHASE.
LSubcontractors
^
D9/21'20
U-48.75
T-48.75
C*
PWawa
MWAWA 8347 0 CHERRY HILL /NJ US CARD PURCHASE
LAuto & Transport:Gas & Fuel
^
D9/22'20
U-36.95
T-36.95
C*
PDeluxe Ck M
MDELUXE CK-M CHECK/ACC.200918
LFees & Charges:Bank Fee
^
D10/ 5'20
U-268.28
T-268.28
C*
PLowe's
MLOWE'S #1848 PHILADELPHIA/PA US CARD PURCHASE
LConstruction Supplies
^
D10/ 5'20
U-50.00
T-50.00
C*
PD D Gas
MD D GAS STATION PHILADELPHIA /PA US CARD PURCHASE
LAuto & Transport:Gas & Fuel
^
D10/ 6'20
U-99.03
T-99.03
C*
PLowe's
MLOWE'S #1185 PRINCETON /NJ US CARD PURCHASE
LConstruction Supplies
^
D10/ 6'20
U-298.98
T-298.98
C*
PHome Depot
MTHE HOME DEPOT EDISON /NJ US CARD PURCHASE
LConstruction Supplies
^
D10/ 7'20
U25,000.00
T25,000.00
C*
PATM Deposit
MATM CHECK DEPOSIT N471 98
LDeposit
^
D10/ 9'20
U46,792.50
T46,792.50
C*
PATM Deposit
MATM CHECK DEPOSIT N471 342
LDeposit
^
D10/13'20
U-45,000.00
T-45,000.00
C*
N110
PLifetime Contractor Corp
MCHECK 000000000110
LSubcontractors
^
D10/19'20
U45,858.00
T45,858.00
C*
PATM Deposit
MATM CHECK DEPOSIT N471 940
LDeposit
^
D11/ 2'20
U-60,000.00
T-60,000.00
C*
N111
PLifetime Contractor Corp
MCHECK 000000000111
LSubcontractors
^
D11/ 5'20
U29,600.00
T29,600.00
C*
PATM Deposit
MATM CHECK DEPOSIT N471 538
LDeposit
^
D11/20'20
U13,300.00
T13,300.00
C*
PATM Deposit
MATM CHECK DEPOSIT N471 493
LDeposit
^
D11/24'20
U56,000.00
T56,000.00
C*
PATM Deposit
MATM CHECK DEPOSIT N471 1265
LDeposit
^
D11/25'20
U13,300.00
T13,300.00
C*
PATM Deposit
MATM CHECK DEPOSIT N471 69
LDeposit
^
D11/30'20
U53,538.75
T53,538.75
C*
PATM Deposit
MATM CHECK DEPOSIT N471 854
LDeposit
^
D12/ 1'20
U-60,000.00
T-60,000.00
C*
N112
PLifetime Contractor Corp
MCHECK 000000000112
LSubcontractors
^
D12/ 8'20
U-60,000.00
T-60,000.00
C*
N113
PLifetime Contractor Corp
MCHECK 000000000113
LSubcontractors
^
D12/15'20
U-435.09
T-435.09
C*
PSam's Club
MSAMSCLUB #6332 PHILADELPHIA/PA US CARD PURCHASE
LPersonal
^
D12/16'20
U-38.47
T-38.47
C*
PNunos Meat Mark
MNUNOS MEAT MARK PHILADELPHIA /PA US CARD PURCHASE
LPersonal
^
D12/17'20
U43,462.50
T43,462.50
C*
PATM Deposit
MATM CHECK DEPOSIT N471 72
LDeposit
^
D12/17'20
U-45,000.00
T-45,000.00
C*
N115
PLifetime Contractor Corp
MCHECK 000000000115
LSubcontractors
^
D1/ 4'21
U-43.47
T-43.47
C*
PWawa
MWAWA 8339 0 LAWRENCE TWP /NJ US CARD PURCHASE
LAuto & Transport:Gas & Fuel
^
D1/ 5'21
U-11.46
T-11.46
C*
PWawa
MWAWA 8339 LAWRENCE TWP/NJ US CARD PURCHASE
LPersonal
^
D1/ 5'21
U-28.02
T-28.02
C*
PWawa
MWAWA 8339 0 LAWRENCE TWP /NJ US CARD PURCHASE
LPersonal
^
D1/ 5'21
U-75.00
T-75.00
C*
PWawa
MWAWA 8339 0 LAWRENCE TWP /NJ US CARD PURCHASE
LAuto & Transport:Gas & Fuel
^
D1/ 6'21
U2,000.00
T2,000.00
C*
PSantander Adj Svcs
MSANTANDER ADJ SVCS 202101060123 00000000000
LDeposit
^
D1/ 7'21
U-426.15
T-426.15
C*
PLowe's
MLOWE'S #1185 PRINCETON /NJ US CARD PURCHASE
LConstruction Supplies
^
D1/ 8'21
U-57.04
T-57.04
C*
PWawa
MWAWA 8339 0 LAWRENCE TWP /NJ US CARD PURCHASE
LAuto & Transport:Gas & Fuel
^
D1/11'21
U-66.56
T-66.56
C*
PWawa
MWAWA 8339 0 LAWRENCE TWP /NJ US CARD PURCHASE
LAuto & Transport:Gas & Fuel
^
D1/12'21
U-58,000.00
T-58,000.00
C*
N117
PAdvanced Contractor Corp
MCHECK 000000000117
LSubcontractors
^
D1/14'21
U-97.01
T-97.01
C*
PLukoil
MLUKOIL 57729 PRINCETON /NJ US CARD PURCHASE
LAuto & Transport:Gas & Fuel
^
D1/14'21
U-12.00
T-12.00
C*
PWawa
MWAWA 8339 0 LAWRENCE TWP /NJ US CARD PURCHASE
LPersonal
^
D1/14'21
U-75.00
T-75.00
C*
PWawa
MWAWA 8339 0 LAWRENCE TWP /NJ US CARD PURCHASE
LAuto & Transport:Gas & Fuel
^
D1/15'21
U-98.49
T-98.49
C*
PLukoil
MLUKOIL 57729 PRINCETON /NJ US CARD PURCHASE
LAuto & Transport:Gas & Fuel
^
D1/19'21
U-68.21
T-68.21
C*
PSunoco
MSUNOCO 08351769 PALMYRA /NJ US CARD PURCHASE
LAuto & Transport:Gas & Fuel
^
D1/19'21
U-33.98
T-33.98
C*
PLukoil
MLUKOIL 57729 PRINCETON /NJ US CARD PURCHASE
LAuto & Transport:Gas & Fuel
^
D1/22'21
U51,775.00
T51,775.00
C*
PATM Deposit
MATM CHECK DEPOSIT N471 402
LDeposit
^
D1/25'21
U-4,500.00
T-4,500.00
C*
N119
PReinaldo Carvalho De Rocha
MCHECK 000000000119
LPersonal
^
D1/27'21
U-18,000.00
T-18,000.00
C*
N118
PAdvanced Contractor Corp
MCHECK 000000000118
LSubcontractors
^
D1/29'21
U-102.90
T-102.90
C*
PAdp Payroll
MADP PAYROLL FEES ADP - FEES210129 2RA96 3317986
LPayroll Fees
^
D2/ 3'21
U-18,000.00
T-18,000.00
C*
N120
PAdvanced Contractor Corp
MCHECK 000000000120
LSubcontractors
^
D2/ 4'21
U-1,500.00
T-1,500.00
C*
N122
PReinaldo Carvalho De Rocha
MCHECK 000000000122
LPersonal
^
D2/ 5'21
U-38.95
T-38.95
C*
PAdp Payroll
MADP PAYROLL FEES ADP - FEES210205 2RA96 4278279
LPayroll Fees
^
D2/ 9'21
U-69.09
T-69.09
C*
PConoco
MCONOCO - KERRIG PHILADELPHIA /PA US CARD PURCHASE
LAuto & Transport:Gas & Fuel
^
D2/11'21
U-61.07
T-61.07
C*
PShell
MSHELL OIL 57546 TRENTON /NJ US CARD PURCHASE
LAuto & Transport:Gas & Fuel
^
D2/11'21
U-78.32
T-78.32
C*
PShell
MSHELL OIL 57546 TRENTON /NJ US CARD PURCHASE
LAuto & Transport:Gas & Fuel
^
D2/12'21
U-38.95
T-38.95
C*
N290
PAdp Payroll
MADP PAYROLL FEES ADP - FEES210212 2RA96 6065685
LPayroll Fees
^
D2/16'21
U24,780.00
T24,780.00
C*
PATM Deposit
MATM CHECK DEPOSIT N471 728
LDeposit
^
D2/16'21
U37,500.00
T37,500.00
C*
PATM Deposit
MATM CHECK DEPOSIT N471 729
LDeposit
^
D2/16'21
U-2,259.16
T-2,259.16
C*
N123
PAlcides Estevees
MCHECK 000000000123
LLabor
^
D2/16'21
U-1,500.00
T-1,500.00
C*
N124
PReinaldo Carvalho De Rocha
MCHECK 000000000124
LPersonal
^
D2/16'21
U6,450.00
T6,450.00
C*
N50075
PATM Deposit
MATM CHECK DEPOSIT N471 731
LDeposit
^
D2/16'21
U4,080.00
T4,080.00
C*
N50076
PATM Deposit
MATM CHECK DEPOSIT N471 730
LDeposit
^
D2/19'21
U-38.95
T-38.95
C*
PAdp Payroll
MADP PAYROLL FEES ADP - FEES210219 2RA96 2061071
LPayroll Fees
^
D2/19'21
U-294.83
T-294.83
C*
PBest Buy
MBEST BUY 0 PHILADELPHIA/PA US CARD PURCHASE
LPersonal
^
D2/19'21
U-2,905.15
T-2,905.15
C*
PBest Buy
MBEST BUY 0 PHILADELPHIA/PA US CARD PURCHASE
LPersonal
^
D2/19'21
U-1,500.00
T-1,500.00
C*
N125
PReinaldo Carvalho De Rocha
MCHECK 000000000125
LPersonal
^
D2/22'21
U-52.86
T-52.86
C*
PRei
MO REI DA PICANH PHILADELPHIA /PA US CARD PURCHASE
LPersonal
^
D2/23'21
U-42,500.00
T-42,500.00
C*
N126
PAdvanced Contractor Corp
MCHECK 000000000126
LSubcontractors
^
D2/25'21
U-359.57
T-359.57
C*
PHome Depot
MTHE HOME DEPOT ST CLAIR /PA US CARD PURCHASE
LConstruction Supplies
^
D2/25'21
U-14.25
T-14.25
C*
PUnity Food Mart
MUNITY FOOD MART FRACKVILLE /PA US CARD PURCHASE
LPersonal
^
D2/25'21
U-69.00
T-69.00
C*
PWawa
MWAWA 8030 PHILADELPHIA/PA US CARD PURCHASE
LAuto & Transport:Gas & Fuel
^
D2/26'21
U37,294.00
T37,294.00
C*
PATM Deposit
MATM CHECK DEPOSIT N471 687
LDeposit
^
D2/26'21
U-38.95
T-38.95
C*
PAdp Payroll
MADP PAYROLL FEES ADP - FEES210226 2RA96 3059150
LPayroll Fees
^
D3/ 1'21
U-512.55
T-512.55
C*
PMaster Equipmen Newark
MMASTER EQUIPMEN NEWARK /NJ US CARD PURCHASE
LEquip Rental
^
D3/ 1'21
U-1,500.00
T-1,500.00
C*
N128
PReinaldo Carvalho De Rocha
MCHECK 000000000128
LPersonal
^
D3/ 3'21
U45,900.00
T45,900.00
C*
PATM Deposit
MATM CHECK DEPOSIT N471 266
LDeposit
^
D3/ 4'21
U-19,700.00
T-19,700.00
C*
N127
PAdvanced Contractor Corp
MCHECK 000000000127
LSubcontractors
^
D3/ 5'21
U-38.95
T-38.95
C*
PAdp Payroll
MADP PAYROLL FEES ADP - FEES210305 2RA96 6953683
LPayroll Fees
^
D3/ 8'21
U-65,500.00
T-65,500.00
C*
N129
PGarden Builders
MCHECK 000000000129
LSubcontractors
^
D3/11'21
U-1,500.00
T-1,500.00
C*
N131
PReinaldo Carvalho De Rocha
MCHECK 000000000131
LPersonal
^
D3/12'21
U-38.95
T-38.95
C*
PAdp Payroll
MADP PAYROLL FEES ADP - FEES210312 2RA96 7687712
LPayroll Fees
^
D3/12'21
U-525.23
T-525.23
C*
PAuxiliary Service, Inc.
MAUXILIARY SERVI LAWRENCE TWP /NJ US CARD PURCHASE
LConstruction Supplies
^
D3/15'21
U-16.24
T-16.24
C*
PWawa
MWAWA 860 0 NEWARK /DE US CARD PURCHASE
LPersonal
^
D3/18'21
U81,800.00
T81,800.00
C*
PBranch Newark Jackson
MBRANCH TRANSACTION AT NEWARK - JACKSON STREET  - CHECK DEPOSIT.
LDeposit
^
D3/19'21
U-38.95
T-38.95
C*
PAdp Payroll
MADP PAYROLL FEES ADP - FEES210319 2RA96 8362735
LPayroll Fees
^
D3/23'21
U-37,000.00
T-37,000.00
C*
N135
PGarden Builders
MCHECK 000000000135
LSubcontractors
^
D3/25'21
U14,050.00
T14,050.00
C*
PATM Deposit
MATM CHECK DEPOSIT N471 239
LDeposit
^
D3/25'21
U35,480.00
T35,480.00
C*
PATM Deposit
MATM CHECK DEPOSIT N471 238
LDeposit
^
D3/25'21
U-3,623.00
T-3,623.00
C*
N139
PPa Department Of Revenue
MCHECK 000000000139
LCorp Tax
^
D3/26'21
U-38.95
T-38.95
C*
PAdp Payroll
MADP PAYROLL FEES ADP - FEES210326 2RA96 0411534
LPayroll Fees
^
D3/26'21
U-1,500.00
T-1,500.00
C*
N140
PReinaldo Carvalho De Rocha
MCHECK 000000000140
LPersonal
^
D3/26'21
U-1,500.00
T-1,500.00
C*
N141
PReinaldo Carvalho De Rocha
MCHECK 000000000141
LPersonal
^
D3/26'21
U-1,500.00
T-1,500.00
C*
N142
PReinaldo Carvalho De Rocha
MCHECK 000000000142
LPersonal
^
D3/29'21
U-5,531.95
T-5,531.95
C*
N136
PDepartment Of Treasury
MCHECK 000000000136
LPersonal
^
D3/29'21
U-4,760.07
T-4,760.07
C*
N137
PDepartment Of Treasury
MCHECK 000000000137
LPersonal
^
D3/30'21
U-35,000.00
T-35,000.00
C*
N143
PGarden Builders
MCHECK 000000000143
LSubcontractors
^
D3/31'21
U-10,000.00
T-10,000.00
C*
N144
PAdvanced Contractor Corp
MCHECK 000000000144
LSubcontractors
^
D4/ 2'21
U49,666.00
T49,666.00
C*
PATM Deposit
MATM CHECK DEPOSIT N471 388
LDeposit
^
D4/ 2'21
U-350.00
T-350.00
C*
PBusiness Solutio
MBUSINESS SOLUTIO 23548 210401 215-725-5990
LAccounting
^
D4/ 2'21
U-38.95
T-38.95
C*
PAdp Payroll
MADP PAYROLL FEES ADP - FEES210402 2RA96 1580423
LPayroll Fees
^
D4/ 2'21
U-1,500.00
T-1,500.00
C*
N148
PReinaldo Carvalho De Rocha
MCHECK 000000000148
LPersonal
^
D4/ 5'21
U-18,000.00
T-18,000.00
C*
N147
PGarden Builders
MCHECK 000000000147
LSubcontractors
^
D4/ 6'21
U-15,000.00
T-15,000.00
C*
N146
PAdvanced Contractor Corp
MCHECK 000000000146
LSubcontractors
^
D4/ 9'21
U-38.95
T-38.95
C*
PAdp Payroll
MADP PAYROLL FEES ADP - FEES210409 2RA96 4767678
LPayroll Fees
^
D4/12'21
U40,550.00
T40,550.00
C*
PATM Deposit
MATM CHECK DEPOSIT N471 802
LDeposit
^
D4/12'21
U-7,616.00
T-7,616.00
C*
N138
PUs Department Of Treasury
MCHECK 000000000138
LCorp Tax
^
D4/13'21
U-30,500.00
T-30,500.00
C*
N160
PAdvanced Contractor Corp
MCHECK 000000000160
LSubcontractors
^
D4/15'21
U12,160.00
T12,160.00
C*
PATM Deposit
MATM CHECK DEPOSIT N471 143
LDeposit
^
D4/15'21
U15,535.00
T15,535.00
C*
PATM Deposit
MATM CHECK DEPOSIT N471 144
LDeposit
^
D4/16'21
U-38.95
T-38.95
C*
PAdp Payroll
MADP PAYROLL FEES ADP - FEES210416 2RA96 0770489
LPayroll Fees
^
D4/19'21
U-4,390.00
T-4,390.00
C*
N145
PAlcides Estevees
MCASHED CHECK 000000000145
LLabor
^
D4/19'21
U-5,677.00
T-5,677.00
C*
N149
PAlcides Estevees
MCASHED CHECK 000000000149
LLabor
^
D4/19'21
U-1,500.00
T-1,500.00
C*
N153
PReinaldo Carvalho De Rocha
MCHECK 000000000153
LPersonal
^
D4/20'21
U-19,700.00
T-19,700.00
C*
N150
PGarden Builders
MCHECK 000000000150
LSubcontractors
^
D4/22'21
U-30,400.00
T-30,400.00
C*
N152
PAdvanced Contractor Corp
MCHECK 000000000152
LSubcontractors
^
D4/23'21
U-38.95
T-38.95
C*
PAdp Payroll
MADP PAYROLL FEES ADP - FEES210423 2RA96 1452411
LPayroll Fees
^
D4/26'21
U39,425.00
T39,425.00
C*
PATM Deposit
MATM CHECK DEPOSIT N471 738
LDeposit
^
D4/28'21
U-398.01
T-398.01
C*
N163
PAndres Jesus
MCHECK 000000000163
LLabor
^
D4/29'21
U29,665.00
T29,665.00
C*
PATM Deposit
MATM CHECK DEPOSIT N471 286
LDeposit
^
D4/29'21
U45,420.00
T45,420.00
C*
PATM Deposit
MATM CHECK DEPOSIT N471 285
LDeposit
^
D4/29'21
U-20,000.00
T-20,000.00
C*
N161
PGarden Builders
MCHECK 000000000161
LSubcontractors
^
D5/ 3'21
U-17,000.00
T-17,000.00
C*
N162
PAdvanced Contractor Corp
MCHECK 000000000162
LSubcontractors
^
D5/ 4'21
U46,442.50
T46,442.50
C*
PATM Deposit
MATM CHECK DEPOSIT N471 1271
LDeposit
^
D5/ 4'21
U-20,000.00
T-20,000.00
C*
N165
PGarden Builders
MCHECK 000000000165
LSubcontractors
^
D5/ 5'21
U-17,000.00
T-17,000.00
C*
N164
PAdvanced Contractor Corp
MCHECK 000000000164
LSubcontractors
^
D5/10'21
U18,657.50
T18,657.50
C*
PATM Deposit
MATM CHECK DEPOSIT N665 488
LDeposit
^
D5/10'21
U-74.03
T-74.03
C*
PConoco
MCONOCO - KERRIG PHILADELPHIA /PA US CARD PURCHASE
LAuto & Transport:Gas & Fuel
^
D5/10'21
U-75.00
T-75.00
C*
PWawa
MWAWA 8339 0 LAWRENCE TWP /NJ US CARD PURCHASE
LAuto & Transport:Gas & Fuel
^
D5/10'21
U-586.02
T-586.02
C*
N169
PAndres Jesus
MCHECK 000000000169
LLabor
^
D5/11'21
U-25,000.00
T-25,000.00
C*
N167
PGarden Builders
MCHECK 000000000167
LSubcontractors
^
D5/13'21
U51,490.00
T51,490.00
C*
PATM Deposit
MATM CHECK DEPOSIT N471 63
LDeposit
^
D5/14'21
U-17,000.00
T-17,000.00
C*
N168
PAdvanced Contractor Corp
MCHECK 000000000168
LSubcontractors
^
D5/18'21
U-700.02
T-700.02
C*
N156
PAndres Jesus
MCHECK 000000000156
LLabor
^
D5/19'21
U-36,000.00
T-36,000.00
C*
N170
PGarden Builders
MCHECK 000000000170
LSubcontractors
^
D5/24'21
U28,832.50
T28,832.50
C*
PATM Deposit
MATM CHECK DEPOSIT N665 975
LDeposit
^
D5/24'21
U81,845.00
T81,845.00
C*
PATM Deposit
MATM CHECK DEPOSIT D266 713
LDeposit
^
D5/24'21
U-70.01
T-70.01
C*
PShell
MSHELL SERVICE S LANGHORNE /PA US CARD PURCHASE
LAuto & Transport:Gas & Fuel
^
D5/24'21
U-1,500.00
T-1,500.00
C*
N154
PReinaldo Carvalho De Rocha
MCHECK 000000000154
LPersonal
^
D5/25'21
U-3,151.16
T-3,151.16
C*
PJosil Auto Repair
MJOSIL AUTO REPA ELIZABETH /NJ US CARD PURCHASE
LAuto & Transport
^
D5/27'21
U-75.00
T-75.00
C*
PWawa
MWAWA 8339 LAWRENCE TWP/NJ US CARD PURCHASE
LAuto & Transport:Gas & Fuel
^
D5/27'21
U-9,000.00
T-9,000.00
C*
N171
PAdvanced Contractor Corp
MCHECK 000000000171
LSubcontractors
^
D5/28'21
U-30,300.00
T-30,300.00
C*
N114
PAdvanced Contractor Corp
MCHECK 000000000114
LSubcontractors
^
D6/ 1'21
U-71.74
T-71.74
C*
PLowe's
MLOWE'S #1848 PHILADELPHIA/PA US CARD PURCHASE
LConstruction Supplies
^
D6/ 1'21
U-74.00
T-74.00
C*
PSunoco
MSUNOCO 03632072 PHILADELPHIA/PA US CARD PURCHASE
LAuto & Transport:Gas & Fuel
^
D6/ 1'21
U-73.50
T-73.50
C*
PBristol Fuel St
MBRISTOL FUEL ST BRISTOL /PA US CARD PURCHASE
LAuto & Transport:Gas & Fuel
^
D6/ 1'21
U-2,500.00
T-2,500.00
C*
N172
PVip Construction Llc
MCHECK 000000000172
LSubcontractors
^
D6/ 2'21
U-75.00
T-75.00
C*
PD D Gas
MD D GAS STATION PHILADELPHIA /PA US CARD PURCHASE
LAuto & Transport:Gas & Fuel
^
D6/ 2'21
U-75.00
T-75.00
C*
PD D Gas
MD D GAS STATION PHILADELPHIA /PA US CARD PURCHASE
LAuto & Transport:Gas & Fuel
^
D6/ 4'21
U30,115.00
T30,115.00
C*
PATM Deposit
MATM CHECK DEPOSIT N665 344
LDeposit
^
D6/ 4'21
U-42.92
T-42.92
C*
PWawa
MWAWA STORE 8330 MONROE /NJ US CARD PURCHASE
LAuto & Transport:Gas & Fuel
^
D6/ 4'21
U-54.01
T-54.01
C*
PQuick Chek Corporation
MQUICK CHEK CORP ENGLISHTOWN /NJ US CARD PURCHASE
LAuto & Transport:Gas & Fuel
^
D6/ 4'21
U-30.12
T-30.12
C*
PQuick Chek Corporation
MQUICK CHEK CORP ENGLISHTOWN /NJ US CARD PURCHASE
LAuto & Transport:Gas & Fuel
^
D6/ 4'21
U-15,000.00
T-15,000.00
C*
N173
PAdvanced Contractor Corp
MCHECK 000000000173
LSubcontractors
^
D6/ 4'21
U-15,000.00
T-15,000.00
C*
N174
PAdvanced Contractor Corp
MCHECK 000000000174
LSubcontractors
^
D6/ 7'21
U0.30
T0.30
C*
PRbt Quick Chek
MRBT QUICK CHEK EasySavings /NY US CARD PURCHASE REFUND
LDeposit
^
D6/ 7'21
U0.54
T0.54
C*
PRbt Quick Chek
MRBT QUICK CHEK EasySavings /NY US CARD PURCHASE REFUND
LDeposit
^
D6/ 7'21
U-32.43
T-32.43
C*
PWawa
MWAWA 555 0 SALISBURY /MD US CARD PURCHASE
LAuto & Transport:Gas & Fuel
^
D6/ 7'21
U-59.83
T-59.83
C*
PWawa
MWAWA 115 0 PHILADELPHIA /PA US CARD PURCHASE
LAuto & Transport:Gas & Fuel
^
D6/ 8'21
U-74.73
T-74.73
C*
PWawa
MWAWA 952 0 PENNSAUKEN /NJ US CARD PURCHASE
LAuto & Transport:Gas & Fuel
^
D6/ 8'21
U-29.44
T-29.44
C*
PWawa
MWAWA 952 0 PENNSAUKEN /NJ US CARD PURCHASE
LPersonal
^
D6/10'21
U-71.55
T-71.55
C*
PWawa
MWAWA 8339 0 LAWRENCE TWP /NJ US CARD PURCHASE
LAuto & Transport:Gas & Fuel
^
D6/11'21
U-164.52
T-164.52
C*
POfficemax
MOFFICE MA 7231 PHILADELPHIA/PA US CARD PURCHASE
LOffice
^
D6/11'21
U-74.00
T-74.00
C*
PSunoco
MSUNOCO 05032628 PHILADELPHIA/PA US CARD PURCHASE
LAuto & Transport:Gas & Fuel
^
D6/11'21
U-237.58
T-237.58
C*
PBest Buy
MBEST BUY 0 PHILADELPHIA/PA US CARD PURCHASE
LPersonal
^
D6/14'21
U-350.00
T-350.00
C*
PBusiness Solutio
MBUSINESS SOLUTIO 24101 210612 215-725-5990
LAccounting
^
D6/14'21
U-878.75
T-878.75
C*
N175
PJesus Andres
MCHECK 000000000175
LLabor
^
D6/15'21
U-43.00
T-43.00
C*
PWawa
MWAWA 8458 0 MOUNT HOLLY /NJ US CARD PURCHASE
LAuto & Transport:Gas & Fuel
^
D6/16'21
U-201.80
T-201.80
C*
PRydon Auto Seat
MRYDON AUTO SEAT PHILADELPHIA /PA US CARD PURCHASE
LAuto & Transport
^
D6/17'21
U-44.63
T-44.63
C*
PRaceway
MRACEWAY 2229 6 MARLBORO /NJ US CARD PURCHASE
LAuto & Transport:Gas & Fuel
^
D6/17'21
U-47.29
T-47.29
C*
PRaceway
MRACEWAY 2229 6 MARLBORO /NJ US CARD PURCHASE
LAuto & Transport:Gas & Fuel
^
D6/18'21
U-1,166.36
T-1,166.36
C*
PJosil Auto Repair
MJOSIL AUTO REPA ELIZABETH /NJ US CARD PURCHASE
LAuto & Transport
^
D6/18'21
U-79.98
T-79.98
C*
PTaberna Grill Llc
MTABERNA GRILL ELIZABETH /NJ US CARD PURCHASE
LPersonal
^
D6/18'21
U-12.62
T-12.62
C*
PRaceway
MRACEWAY 2229 6 MARLBORO /NJ US CARD PURCHASE
LPersonal
^
D6/18'21
U-40.47
T-40.47
C*
PQuick Chek Corporation
MQUICK CHEK CORP ENGLISHTOWN /NJ US CARD PURCHASE
LAuto & Transport:Gas & Fuel
^
D6/28'21
U0.40
T0.40
C*
PRbt Quick Chek
MRBT QUICK CHEK EasySavings /NY US CARD PURCHASE REFUND
LDeposit
^
D6/30'21
U2,000.00
T2,000.00
C*
PATM Deposit
MATM CHECK DEPOSIT N471 246
LDeposit
^
D6/30'21
U4,000.00
T4,000.00
C*
PATM Deposit
MATM CHECK DEPOSIT N471 243
LDeposit
^
D6/30'21
U15,000.00
T15,000.00
C*
PATM Deposit
MATM CHECK DEPOSIT N471 244
LDeposit
^
D6/30'21
U16,250.00
T16,250.00
C*
PATM Deposit
MATM CHECK DEPOSIT N471 245
LDeposit
^
D6/30'21
U34,780.00
T34,780.00
C*
PATM Deposit
MATM CHECK DEPOSIT N471 214
LDeposit
^
D6/30'21
U-206.00
T-206.00
C*
PBluestone Inc
MBLUESTONE INSUR PHILADELPHIA /PA US CARD PURCHASE
LInsurance
^
D6/30'21
U-257.50
T-257.50
C*
PBluestone Inc
MBLUESTONE INSUR PHILADELPHIA /PA US CARD PURCHASE
LInsurance
^
D6/30'21
U-2,188.40
T-2,188.40
C*
PBluestone Inc
MBLUESTONE INSUR PHILADELPHIA /PA US CARD PURCHASE
LInsurance
^
D7/ 2'21
U-38.95
T-38.95
C*
PAdp Payroll
MADP PAYROLL FEES ADP - FEES210702 2RA96 4057626
LPayroll Fees
^
D7/ 2'21
U-58.01
T-58.01
C*
PWawa
MWAWA 115 PHILADELPHIA/PA US CARD PURCHASE
LAuto & Transport:Gas & Fuel
^
D7/ 6'21
U-281.32
T-281.32
C*
PGoto Inspay
MGOTO4381 931 INSPAY *********80
LInsurance
^
D7/ 6'21
U-50.00
T-50.00
C*
PExxon
MBAKERS EXXON LEWES /DE US CARD PURCHASE
LAuto & Transport:Gas & Fuel
^
D7/ 6'21
U-579.00
T-579.00
C*
PNelson Camp Spring
MNELSON AND CAMP SPRING HOUSE /PA US CARD PURCHASE
LHealth & Fitness
^
D7/ 7'21
U-49.00
T-49.00
C*
PLukoil
MLUKOIL 57729 PRINCETON /NJ US CARD PURCHASE
LAuto & Transport:Gas & Fuel
^
D7/ 7'21
U-12,000.00
T-12,000.00
C*
N177
PAdvanced Contractor Corp
MCHECK 000000000177
LSubcontractors
^
D7/ 7'21
U-15,000.00
T-15,000.00
C*
N178
PAdvanced Contractor Corp
MCHECK 000000000178
LSubcontractors
^
D7/ 9'21
U-38.95
T-38.95
C*
PAdp Payroll
MADP PAYROLL FEES ADP - FEES210709 2RA96 5382451
LPayroll Fees
^
D7/ 9'21
U-90.74
T-90.74
C*
PRiverside Bbq Llc
MRIVERSIDE BBQ L RIVERSIDE /NJ US CARD PURCHASE
LPersonal
^
D7/12'21
U-73.95
T-73.95
C*
PWawa
MWAWA 8320 0 ELIZABETH /NJ US CARD PURCHASE
LAuto & Transport:Gas & Fuel
^
D7/12'21
U-55.00
T-55.00
C*
PDelta Gas Willingboro
MDELTA GAS WILLINGBORO /NJ US CARD PURCHASE
LAuto & Transport:Gas & Fuel
^
D7/13'21
U-66.04
T-66.04
C*
POfficemax
MOFFICE MA 7231 PHILADELPHIA/PA US CARD PURCHASE
LOffice
^
D7/15'21
U-60.64
T-60.64
C*
PLowe's
MLOWE'S #1848 PHILADELPHIA/PA US CARD PURCHASE
LConstruction Supplies
^
D7/15'21
U-44.84
T-44.84
C*
PHome Depot
MTHE HOME DEPOT PRINCETON /NJ US CARD PURCHASE
LConstruction Supplies
^
D7/15'21
U-48.40
T-48.40
C*
PLukoil
MLUKOIL 57729 PRINCETON /NJ US CARD PURCHASE
LAuto & Transport:Gas & Fuel
^
D7/16'21
U12,000.00
T12,000.00
C*
PATM Deposit
MATM CHECK DEPOSIT N471 639
LDeposit
^
D7/16'21
U-38.95
T-38.95
C*
PAdp Payroll
MADP PAYROLL FEES ADP - FEES210716 2RA96 0635757
LPayroll Fees
^
D7/19'21
U-594.53
T-594.53
C*
PJimcor Agencies Web
MJimcor Agencies WEB PMTS 071921
LInsurance
^
D7/19'21
U-1.50
T-1.50
C*
PSystems East In
MSystems East, In WEB PMTS 071921
LOffice
^
D7/19'21
U-244.17
T-244.17
C*
PLowe's
MLOWE'S #1185 PRINCETON /NJ US CARD PURCHASE
LConstruction Supplies
^
D7/19'21
U-75.00
T-75.00
C*
PConoco
MCONOCO - KERRIG PHILADELPHIA /PA US CARD PURCHASE
LAuto & Transport:Gas & Fuel
^
D7/19'21
U-4,157.93
T-4,157.93
C*
N179
PAlcides Estevees
MCASHED CHECK 000000000179
LLabor
^
D7/20'21
U-63.67
T-63.67
C*
PWawa
MWAWA 8339 0 LAWRENCE TWP /NJ US CARD PURCHASE
LAuto & Transport:Gas & Fuel
^
D7/21'21
U-379.54
T-379.54
C*
PAuxiliary Service, Inc.
MAUXILIARY SERVI LAWRENCE TWP /NJ US CARD PURCHASE
LConstruction Supplies
^
D7/22'21
U-1,071.05
T-1,071.05
C*
PUnited Fin Cas
MUNITED FIN CAS INS PREM 210721
LInsurance
^
D7/22'21
U-63.20
T-63.20
C*
PSunoco
MSUNOCO 00138735 PHILADELPHIA/PA US CARD PURCHASE
LAuto & Transport:Gas & Fuel
^
D7/22'21
U-7,000.00
T-7,000.00
C*
N181
PMaximum Contrators
MCHECK 000000000181
LSubcontractors
^
D7/23'21
U32,252.50
T32,252.50
C*
PATM Deposit
MATM CHECK DEPOSIT N471 513
LDeposit
^
D7/23'21
U-38.95
T-38.95
C*
PAdp Payroll
MADP PAYROLL FEES ADP - FEES210723 2RA96 0668857
LPayroll Fees
^
D7/26'21
U2,767.50
T2,767.50
C*
PATM Deposit
MATM CHECK DEPOSIT N471 1082
LDeposit
^
D7/26'21
U4,620.00
T4,620.00
C*
PATM Deposit
MATM CHECK DEPOSIT N471 1081
LDeposit
^
D7/26'21
U-906.52
T-906.52
C*
PHome Depot
MTHE HOME DEPOT BENSALEM /PA US CARD PURCHASE
LConstruction Supplies
^
D7/26'21
U-69.82
T-69.82
C*
PSunoco
MSUNOCO 03683018 WOODBRIDGE TW /NJ US CARD PURCHASE
LAuto & Transport:Gas & Fuel
^
D7/27'21
U-143.43
T-143.43
C*
PGoto Premfin Inspay
Mgoto PremFin 931 931 insPay *********12
LInsurance
^
D7/27'21
U-52.35
T-52.35
C*
PSunoco
MSUNOCO 00138735 PHILADELPHIA/PA US CARD PURCHASE
LAuto & Transport:Gas & Fuel
^
D7/27'21
U-18,000.00
T-18,000.00
C*
N182
PMaximum Contrators
MCHECK 000000000182
LSubcontractors
^
D7/28'21
U-333.10
T-333.10
C*
PHome Depot
MTHE HOME DEPOT WATCHUNG /NJ US CARD PURCHASE
LConstruction Supplies
^
D7/28'21
U-507.99
T-507.99
C*
PStaples
MSTAPLES 0045 WATCHUNG /NJ US CARD PURCHASE
LOffice
^
D7/29'21
U-11.00
T-11.00
C*
PTravelers Bus Insur
MTRAVELERS BUS INSUR 210728 *************53
LInsurance
^
D7/30'21
U-38.95
T-38.95
C*
PAdp Payroll
MADP PAYROLL FEES ADP - FEES210730 2RA96 6181877
LPayroll Fees
^
D7/30'21
U-60.11
T-60.11
C*
PCasiero Enrite Nj
MCASIERO ENRITE S PLAINFIELD /NJ US CARD PURCHASE
LAuto & Transport:Gas & Fuel
^
D7/30'21
U-74.52
T-74.52
C*
PCasiero Enrite Nj
MCASIERO ENRITE S PLAINFIELD /NJ US CARD PURCHASE
LAuto & Transport:Gas & Fuel
^
D7/30'21
U-3,000.00
T-3,000.00
C*
N180
PWex Bank
MCHECK 000000000180
LOffice
^
D8/ 2'21
U-244.01
T-244.01
C*
PHome Depot
MTHE HOME DEPOT WATCHUNG /NJ US CARD PURCHASE
LConstruction Supplies
^
D8/ 2'21
U-85.00
T-85.00
C*
PShell
MSHELL OIL 57545 PLAINFIELD /NJ US CARD PURCHASE
LAuto & Transport:Gas & Fuel
^
D8/ 2'21
U-21,300.00
T-21,300.00
C*
N185
PMaximum Contrators
MCHECK 000000000185
LSubcontractors
^
D8/ 2'21
U-15,000.00
T-15,000.00
C*
N186
PMaximum Contrators
MCHECK 000000000186
LSubcontractors
^
D8/ 3'21
U-281.32
T-281.32
C*
PGoto Premfin Inspay
Mgoto PremFin 931 931 insPay *********80
LInsurance
^
D8/ 3'21
U-66.14
T-66.14
C*
PStaples
MSTAPLES 0009 SPRINGFIELD /NJ US CARD PURCHASE
LOffice
^
D8/ 3'21
U-1,954.00
T-1,954.00
C*
PBluestone Inc
MBLUESTONE INSUR PHILADELPHIA /PA US CARD PURCHASE
LInsurance
^
D8/ 4'21
U-83.10
T-83.10
C*
PHome Depot
MTHE HOME DEPOT WATCHUNG /NJ US CARD PURCHASE
LConstruction Supplies
^
D8/ 4'21
U-65.30
T-65.30
C*
PCasiero Enrite Nj
MCASIERO ENRITE S PLAINFIELD /NJ US CARD PURCHASE
LAuto & Transport:Gas & Fuel
^
D8/ 4'21
U-360.00
T-360.00
C*
N157
Pf Narciso
MCASHED CHECK 000000000157
LLabor
^
D8/ 5'21
U50,492.50
T50,492.50
C*
PATM Deposit
MATM CHECK DEPOSIT N471 678
LDeposit
^
D8/ 6'21
U-38.95
T-38.95
C*
PAdp Payroll
MADP PAYROLL FEES ADP - FEES210806 2RA96 7226769
LPayroll Fees
^
D8/10'21
U-13,000.00
T-13,000.00
C*
N187
PMaximum Contrators
MCHECK 000000000187
LSubcontractors
^
D8/11'21
U-452.52
T-452.52
C*
PHome Depot
MTHE HOME DEPOT PHILADELPHIA/PA US CARD PURCHASE
LConstruction Supplies
^
D8/11'21
U-131.80
T-131.80
C*
PWal-mart
MWAL-MART #5103 PHILADELPHIA/PA US CARD PURCHASE
LPersonal
^
D8/11'21
U-128.91
T-128.91
C*
PHome Depot
MTHE HOME DEPOT PHILADELPHIA/PA US CARD PURCHASE
LConstruction Supplies
^
D8/11'21
U-26.59
T-26.59
C*
PSunoco
MSUNOCO 00138735 PHILADELPHIA/PA US CARD PURCHASE
LPersonal
^
D8/12'21
U-5,000.00
T-5,000.00
C*
PBruce R Koerne
MBruce R. Koerne 973-989-7990 /NJ US CARD PURCHASE
LEquip Rental
^
D8/12'21
U-2,238.75
T-2,238.75
C*
N155
PParis Union Lumber Company
MCHECK 000000000155
LConstruction Supplies
^
D8/13'21
U-38.95
T-38.95
C*
PAdp Payroll
MADP PAYROLL FEES ADP - FEES210813 2RA96 3555461
LPayroll Fees
^
D8/13'21
U-44.55
T-44.55
C*
PShell
MSHELL OIL 57545 PLAINFIELD /NJ US CARD PURCHASE
LAuto & Transport:Gas & Fuel
^
D8/13'21
U-34.41
T-34.41
C*
PShell
MSHELL OIL 57545 PLAINFIELD /NJ US CARD PURCHASE
LAuto & Transport:Gas & Fuel
^
D8/16'21
U-43.41
T-43.41
C*
PSunoco
MSUNOCO 03683000 E BRUNSWICK /NJ US CARD PURCHASE
LAuto & Transport:Gas & Fuel
^
D8/16'21
U-57.43
T-57.43
C*
PShell
MSHELL OIL 57545 PLAINFIELD /NJ US CARD PURCHASE
LAuto & Transport:Gas & Fuel
^
D8/16'21
U-14,210.00
T-14,210.00
C*
N189
PVip Construction Llc
MCHECK 000000000189
LSubcontractors
^
D8/16'21
U-14,000.00
T-14,000.00
C*
N191
PMaximum Contrators
MCHECK 000000000191
LSubcontractors
^
D8/16'21
U-2,270.00
T-2,270.00
C*
N192
PMaximum Contrators
MCHECK 000000000192
LSubcontractors
^
D8/19'21
U-1,745.00
T-1,745.00
C*
N158
PBruce r Koener Cranes
MCHECK 000000000158
LEquip Rental
^
D8/19'21
U-3,761.33
T-3,761.33
C*
N159
PAlcides Estevees
MCASHED CHECK 000000000159
LLabor
^
D8/20'21
U-38.95
T-38.95
C*
PAdp Payroll
MADP PAYROLL FEES ADP - FEES210820 2RA96 7702739
LPayroll Fees
^
D8/24'21
U18,000.00
T18,000.00
C*
PATM Deposit
MATM CHECK DEPOSIT N471 46
LDeposit
^
D8/24'21
U-1,071.05
T-1,071.05
C*
PUnited Fin Cas
MUNITED FIN CAS INS PREM 210823
LInsurance
^
D8/25'21
U-143.43
T-143.43
C*
PGoto Premfin Inspay
Mgoto PremFin 931 931 insPay *********12
LInsurance
^
D8/25'21
U-2,270.00
T-2,270.00
C*
N190
PMaximum Contrators
MCHECK 000000000190
LSubcontractors
^
D8/25'21
U-19,604.00
T-19,604.00
C*
N194
PMaximum Contrators
MCHECK 000000000194
LSubcontractors
^
D8/26'21
U-2,164.04
T-2,164.04
C*
PSkyworks Equipm Washington
MSKYWORKS EQUIPM WASHINGTON /NJ US CARD PURCHASE
LEquip Rental
^
D8/26'21
U-1,128.92
T-1,128.92
C*
N193
PJosil Auto Repair
MCHECK 000000000193
LAuto & Transport
^
D8/27'21
U-38.95
T-38.95
C*
PAdp Payroll
MADP PAYROLL FEES ADP - FEES210827 2RA96 2226253
LPayroll Fees
^
D8/30'21
U-12,420.00
T-12,420.00
C*
N195
PGarden Builders
MCHECK 000000000195
LSubcontractors
^
D8/30'21
U-20,570.00
T-20,570.00
C*
N198
PMaximum Contrators
MCHECK 000000000198
LSubcontractors
^
D9/ 1'21
U-2,164.04
T-2,164.04
C*
PSkyworks Equipm Washington
MSKYWORKS EQUIPM WASHINGTON /NJ US CARD PURCHASE
LEquip Rental
^
D9/ 1'21
U-4,207.85
T-4,207.85
C*
PSkyworks Equipm Washington
MSKYWORKS EQUIPM WASHINGTON /NJ US CARD PURCHASE
LEquip Rental
^
D9/ 1'21
U-123.91
T-123.91
C*
N197
PDepartment Of Treasury
MCHECK 000000000197
LPersonal
^
D9/ 2'21
U36,792.50
T36,792.50
C*
PATM Deposit
MATM CHECK DEPOSIT N471 371
LDeposit
^
D9/ 3'21
U-281.32
T-281.32
C*
PGoto Premfin Inspay
Mgoto PremFin 931 931 insPay *********80
LInsurance
^
D9/ 3'21
U-38.95
T-38.95
C*
PAdp Payroll
MADP PAYROLL FEES ADP - FEES210903 2RA96 0083532
LPayroll Fees
^
D9/ 7'21
U-1,308.00
T-1,308.00
C*
N196
PGarden Builders
MCHECK 000000000196
LSubcontractors
^
D9/ 7'21
U-5,000.00
T-5,000.00
C*
N199
PGarden Builders
MCHECK 000000000199
LSubcontractors
^
D9/ 7'21
U-13,350.00
T-13,350.00
C*
N201
PMaximum Contrators
MCHECK 000000000201
LSubcontractors
^
D9/10'21
U-38.95
T-38.95
C*
PAdp Payroll
MADP PAYROLL FEES ADP - FEES210910 2RA96 4560968
LPayroll Fees
^
D9/13'21
U-11,656.00
T-11,656.00
C*
N202
PGarden Builders
MCHECK 000000000202
LSubcontractors
^
D9/13'21
U-3,700.00
T-3,700.00
C*
N203
PMaximum Contrators
MCHECK 000000000203
LSubcontractors
^
D9/14'21
U33,250.00
T33,250.00
C*
PATM Deposit
MATM CHECK DEPOSIT N471 23
LDeposit
^
D9/16'21
U519.84
T519.84
C*
PATM Deposit
MATM CHECK DEPOSIT N471 363
LDeposit
^
D9/16'21
U9,350.00
T9,350.00
C*
PATM Deposit
MATM CHECK DEPOSIT N471 362
LDeposit
^
D9/17'21
U-38.95
T-38.95
C*
PAdp Payroll
MADP PAYROLL FEES ADP - FEES210917 2RA96 8911993
LPayroll Fees
^
D9/20'21
U-3,670.00
T-3,670.00
C*
N204
PMaximum Contrators
MCHECK 000000000204
LSubcontractors
^
D9/20'21
U-16,232.00
T-16,232.00
C*
N205
PMaximum Contrators
MCHECK 000000000205
LSubcontractors
^
D9/21'21
U67,500.00
T67,500.00
C*
PATM Deposit
MATM CHECK DEPOSIT N471 22
LDeposit
^
D9/22'21
U-1,071.05
T-1,071.05
C*
PUnited Fin Cas
MUNITED FIN CAS INS PREM 210921
LInsurance
^
D9/23'21
U-4,500.00
T-4,500.00
C*
N206
PReinaldo Carvalho De Rocha
MCHECK 000000000206
LPersonal
^
D9/24'21
U-38.95
T-38.95
C*
PAdp Payroll
MADP PAYROLL FEES ADP - FEES210924 2RA96 9923568
LPayroll Fees
^
D9/24'21
U-7,500.00
T-7,500.00
C*
N209
PReinaldo Carvalho De Rocha
MCHECK 000000000209
LPersonal
^
D9/27'21
U-143.43
T-143.43
C*
PGoto Premfin Inspay
Mgoto PremFin 931 931 insPay *********12
LInsurance
^
D9/27'21
U-800.00
T-800.00
C*
PCash Withdrawal ATM
MCASH WITHDRAWAL SANTANDER N471 Philadelphia/PA US
LWithdrawals
^
D9/27'21
U-11,082.00
T-11,082.00
C*
N207
PMaximum Contrators
MCHECK 000000000207
LSubcontractors
^
D9/27'21
U-10,528.00
T-10,528.00
C*
N208
PGarden Builders
MCHECK 000000000208
LSubcontractors
^
D9/30'21
U-4,457.86
T-4,457.86
C*
PSkyworks Equipm Washington
MSKYWORKS EQUIPM WASHINGTON /NJ US CARD PURCHASE
LEquip Rental
^
D10/ 1'21
U-30.00
T-30.00
C*
PFees
MFEES PAYMENT.
LFees & Charges:Bank Fee
^
D10/ 1'21
U-38.95
T-38.95
C*
PAdp Payroll
MADP PAYROLL FEES ADP - FEES211001 2RA96 5603692
LPayroll Fees
^
D10/ 1'21
U-40,000.00
T-40,000.00
C*
PBranch Withdrawal Scotch
MBRANCH WITHDRAWAL AT SCOTCH PLAINS
LPersonal
^
D10/ 4'21
U11,000.00
T11,000.00
C*
PATM Deposit
MATM CHECK DEPOSIT N471 936
LDeposit
^
D10/ 5'21
U-281.32
T-281.32
C*
PGoto Premfin Inspay
Mgoto PremFin 931 931 insPay *********80
LInsurance
^
D10/ 7'21
U44,650.00
T44,650.00
C*
PATM Deposit
MATM CHECK DEPOSIT D297 152
LDeposit
^
D10/ 7'21
U-1,954.00
T-1,954.00
C*
PBluestone Inc
MBLUESTONE INSUR PHILADELPHIA /PA US CARD PURCHASE
LInsurance
^
D10/ 8'21
U-38.95
T-38.95
C*
PAdp Payroll
MADP PAYROLL FEES ADP - FEES211008 2RA96 3561536
LPayroll Fees
^
D10/ 8'21
U-2,612.31
T-2,612.31
C*
PAuxiliary Service, Inc.
MAUXILIARY SERVI PENNSAUKEN /NJ US CARD PURCHASE
LConstruction Supplies
^
D10/12'21
U-5,000.00
T-5,000.00
C*
N236
PGarden Builders
MCHECK 000000000236
LSubcontractors
^
D10/12'21
U-4,160.00
T-4,160.00
C*
N238
PMaximum Contrators
MCHECK 000000000238
LSubcontractors
^
D10/12'21
U-15,260.00
T-15,260.00
C*
N239
PMaximum Contrators
MCHECK 000000000239
LSubcontractors
^
D10/12'21
U-4,784.06
T-4,784.06
C*
N240
PAlcides Estevees
MCASHED CHECK 000000000240
LLabor
^
D10/13'21
U17,100.00
T17,100.00
C*
PATM Deposit
MATM CHECK DEPOSIT N471 284
LDeposit
^
D10/13'21
U-36.95
T-36.95
C*
PDeluxe Ck M
MDELUXE CK-M CHECK/ACC.211008
LFees & Charges:Bank Fee
^
D10/13'21
U-2,312.66
T-2,312.66
C*
N242
PJosil Auto Repair
MCHECK 000000000242
LAuto & Transport
^
D10/14'21
U-4,207.86
T-4,207.86
C*
PSkyworks Equipm Washington
MSKYWORKS EQUIPM WASHINGTON /NJ US CARD PURCHASE
LEquip Rental
^
D10/15'21
U-38.95
T-38.95
C*
PAdp Payroll
MADP PAYROLL FEES ADP - FEES211015 2RA96 6859605
LPayroll Fees
^
D10/18'21
U111,193.20
T111,193.20
C*
PATM Deposit
MATM CHECK DEPOSIT N471 738
LDeposit
^
D10/18'21
U-22,950.00
T-22,950.00
C*
N245
PMaximum Contrators
MCHECK 000000000245
LSubcontractors
^
D10/19'21
U-29,750.00
T-29,750.00
C*
N246
PBcg Contractor Corp
MCHECK 000000000246
LSubcontractors
^
D10/20'21
U22,645.00
T22,645.00
C*
PATM Deposit
MATM CHECK DEPOSIT N471 202
LDeposit
^
D10/20'21
U-7,000.00
T-7,000.00
C*
N244
PBcg Contractor Corp
MCHECK 000000000244
LSubcontractors
^
D10/21'21
U-104.49
T-104.49
C*
PAuxiliary Service, Inc.
MAUXILIARY SERVI 6095300077 /NJ US CARD PURCHASE
LConstruction Supplies
^
D10/21'21
U-626.81
T-626.81
C*
PAuxiliary Service, Inc.
MAUXILIARY SERVI 6095300077 /NJ US CARD PURCHASE
LConstruction Supplies
^
D10/22'21
U-1,071.05
T-1,071.05
C*
PUnited Fin Cas
MUNITED FIN CAS INS PREM 211021
LInsurance
^
D10/22'21
U-38.95
T-38.95
C*
PAdp Payroll
MADP PAYROLL FEES ADP - FEES211022 2RA96 1470144
LPayroll Fees
^
D10/25'21
U7,770.00
T7,770.00
C*
PATM Deposit
MATM CHECK DEPOSIT N471 1095
LDeposit
^
D10/25'21
U-4,332.86
T-4,332.86
C*
PSkyworks Equipm Washington
MSKYWORKS EQUIPM WASHINGTON /NJ US CARD PURCHASE
LEquip Rental
^
D10/25'21
U-162.07
T-162.07
C*
PSkyworks Equipm Washington
MSKYWORKS EQUIPM WASHINGTON /NJ US CARD PURCHASE
LEquip Rental
^
D10/25'21
U-15,900.00
T-15,900.00
C*
N247
PMaximum Contrators
MCHECK 000000000247
LSubcontractors
^
D10/25'21
U-2,610.00
T-2,610.00
C*
N248
PMaximum Contrators
MCHECK 000000000248
LSubcontractors
^
D10/25'21
U-6,000.00
T-6,000.00
C*
N251
PReinaldo Carvalho De Rocha
MCHECK 000000000251
LPersonal
^
D10/26'21
U-143.43
T-143.43
C*
PGoto Premfin Inspay
Mgoto PremFin 931 931 insPay *********12
LInsurance
^
D10/27'21
U-1,000.00
T-1,000.00
C*
N252
PBristol Auto Mall
MCHECK 000000000252
LAuto & Transport
^
D10/28'21
U-4,770.00
T-4,770.00
C*
N237
PMaximum Contrators
MCHECK 000000000237
LSubcontractors
^
D10/28'21
U-16,500.00
T-16,500.00
C*
N249
PBcg Contractor Corp
MCHECK 000000000249
LSubcontractors
^
D10/28'21
U-6,000.00
T-6,000.00
C*
N250
PBcg Contractor Corp
MCHECK 000000000250
LSubcontractors
^
D10/29'21
U-38.95
T-38.95
C*
PAdp Payroll
MADP PAYROLL FEES ADP - FEES211029 2RA96 6066741
LPayroll Fees
^
D10/29'21
U-489.30
T-489.30
C*
PAuxiliary Service, Inc.
MAUXILIARY SERVI 6095300077 /NJ US CARD PURCHASE
LConstruction Supplies
^
D10/29'21
U-4,207.85
T-4,207.85
C*
PSkyworks Equipm Washington
MSKYWORKS EQUIPM WASHINGTON /NJ US CARD PURCHASE
LEquip Rental
^
D11/ 1'21
U-147.87
T-147.87
C*
PAuxiliary Service, Inc.
MAUXILIARY SERVI 6095300077 /NJ US CARD PURCHASE
LConstruction Supplies
^
D11/ 1'21
U-11,500.00
T-11,500.00
C*
N210
PMaximum Contrators
MCHECK 000000000210
LSubcontractors
^
D11/ 1'21
U-15,000.00
T-15,000.00
C*
N212
PMaximum Contrators
MCHECK 000000000212
LSubcontractors
^
D11/ 2'21
U94,500.00
T94,500.00
C*
PATM Deposit
MATM CHECK DEPOSIT N471 98
LDeposit
^
D11/ 2'21
U-6,500.00
T-6,500.00
C*
N211
PBcg Contractor Corp
MCHECK 000000000211
LSubcontractors
^
D11/ 2'21
U-14,000.00
T-14,000.00
C*
N213
PBcg Contractor Corp
MCHECK 000000000213
LSubcontractors
^
D11/ 3'21
U-281.32
T-281.32
C*
PGoto Premfin Inspay
Mgoto PremFin 931 931 insPay *********80
LInsurance
^
D11/ 5'21
U-38.95
T-38.95
C*
PAdp Payroll
MADP PAYROLL FEES ADP - FEES211105 2RA96 1094883
LPayroll Fees
^
D11/ 8'21
U-13,000.00
T-13,000.00
C*
N215
PMaximum Contrators
MCHECK 000000000215
LSubcontractors
^
D11/ 8'21
U-4,270.00
T-4,270.00
C*
N216
PBcg Contractor Corp
MCHECK 000000000216
LSubcontractors
^
D11/ 8'21
U-1,215.00
T-1,215.00
C*
N217
PMaximum Contrators
MCHECK 000000000217
LSubcontractors
^
D11/ 8'21
U-8,000.00
T-8,000.00
C*
N218
PBcg Contractor Corp
MCHECK 000000000218
LSubcontractors
^
D11/ 8'21
U-6,000.00
T-6,000.00
C*
N219
PBcg Contractor Corp
MCHECK 000000000219
LSubcontractors
^
D11/ 8'21
U-4,200.00
T-4,200.00
C*
N220
PMaximum Contrators
MCHECK 000000000220
LSubcontractors
^
D11/ 9'21
U-1,265.42
T-1,265.42
C*
N221
PAlcides Estevees
MCASHED CHECK 000000000221
LLabor
^
D11/10'21
U73,960.00
T73,960.00
C*
PATM Deposit
MATM CHECK DEPOSIT N471 53
LDeposit
^
D11/12'21
U-38.95
T-38.95
C*
PAdp Payroll
MADP PAYROLL FEES ADP - FEES211112 2RA96 7846952
LPayroll Fees
^
D11/12'21
U-4,207.86
T-4,207.86
C*
PSkyworks Equipm Washington
MSKYWORKS EQUIPM WASHINGTON /NJ US CARD PURCHASE
LEquip Rental
^
D11/15'21
U-14.07
T-14.07
C*
P7-Eleven
M7-ELEVEN PLAINFIELD /NJ US CARD PURCHASE
LPersonal
^
D11/15'21
U-75.08
T-75.08
C*
PShell
MSHELL OIL 57545 PLAINFIELD /NJ US CARD PURCHASE
LAuto & Transport:Gas & Fuel
^
D11/15'21
U-32.97
T-32.97
C*
PShell
MSHELL OIL 57545 PLAINFIELD /NJ US CARD PURCHASE
LAuto & Transport:Gas & Fuel
^
D11/15'21
U-95.60
T-95.60
C*
PRegional Hillside Nj
MREGIONAL HILLSIDE /NJ US CARD PURCHASE
LPersonal
^
D11/15'21
U-82.71
T-82.71
C*
PSunoco
MSUNOCO 03683000 E BRUNSWICK /NJ US CARD PURCHASE
LAuto & Transport:Gas & Fuel
^
D11/15'21
U-28,000.00
T-28,000.00
C*
N285
PMaximum Contrators
MCHECK 000000000285
LSubcontractors
^
D11/17'21
U-85.00
T-85.00
C*
PShell
MSHELL SERVICE S PLAINFIELD /NJ US CARD PURCHASE
LAuto & Transport:Gas & Fuel
^
D11/17'21
U-75.47
T-75.47
C*
PShell
MSHELL SERVICE S PLAINFIELD /NJ US CARD PURCHASE
LAuto & Transport:Gas & Fuel
^
D11/17'21
U-85.00
T-85.00
C*
PShell
MSHELL SERVICE S PLAINFIELD /NJ US CARD PURCHASE
LAuto & Transport:Gas & Fuel
^
D11/17'21
U-639.73
T-639.73
C*
PAuxiliary Service, Inc.
MAUXILIARY SERVI 6095300077 /NJ US CARD PURCHASE
LConstruction Supplies
^
D11/17'21
U-85.00
T-85.00
C*
PShell
MSHELL OIL 57545 PLAINFIELD /NJ US CARD PURCHASE
LAuto & Transport:Gas & Fuel
^
D11/17'21
U-85.00
T-85.00
C*
PShell
MSHELL OIL 57545 PLAINFIELD /NJ US CARD PURCHASE
LAuto & Transport:Gas & Fuel
^
D11/18'21
U-477.00
T-477.00
C*
PLabor Osha
MLABOR OSHA PAYMENT 211117 0214
LOsha
^
D11/19'21
U-38.95
T-38.95
C*
PAdp Payroll
MADP PAYROLL FEES ADP - FEES211119 2RA96 7658002
LPayroll Fees
^
D11/19'21
U-4,207.85
T-4,207.85
C*
PSkyworks Equipm Washington
MSKYWORKS EQUIPM WASHINGTON /NJ US CARD PURCHASE
LEquip Rental
^
D11/19'21
U-44.35
T-44.35
C*
PShell
MSHELL OIL 57545 PLAINFIELD /NJ US CARD PURCHASE
LAuto & Transport:Gas & Fuel
^
D11/19'21
U-85.00
T-85.00
C*
PShell
MSHELL OIL 57545 PLAINFIELD /NJ US CARD PURCHASE
LAuto & Transport:Gas & Fuel
^
D11/22'21
U-85.00
T-85.00
C*
PShell
MSHELL OIL 57545 PLAINFIELD /NJ US CARD PURCHASE
LAuto & Transport:Gas & Fuel
^
D11/22'21
U-1,369.36
T-1,369.36
C*
PAuxiliary Service, Inc.
MAUXILIARY SERVI 6095300077 /NJ US CARD PURCHASE
LConstruction Supplies
^
D11/22'21
U-75.00
T-75.00
C*
PQuick Chek Food Stores
MQUICK CHEK FOOD SOUTH PLAINFI /NJ US CARD PURCHASE
LAuto & Transport:Gas & Fuel
^
D11/22'21
U-15,235.00
T-15,235.00
C*
N286
PMaximum Contrators
MCHECK 000000000286
LSubcontractors
^
D11/23'21
U-1,071.05
T-1,071.05
C*
PUnited Fin Cas
MUNITED FIN CAS INS PREM 211122
LInsurance
^
D11/23'21
U-1,652.69
T-1,652.69
C*
PAuxiliary Service, Inc.
MAUXILIARY SERVI 6095300077 /NJ US CARD PURCHASE
LConstruction Supplies
^
D11/23'21
U-16,000.00
T-16,000.00
C*
N287
PAll Best Contractors
MCHECK 000000000287
LSubcontractors
^
D11/24'21
U-85.00
T-85.00
C*
PShell
MSHELL OIL 57545 PLAINFIELD /NJ US CARD PURCHASE
LAuto & Transport:Gas & Fuel
^
D11/24'21
U-62.77
T-62.77
C*
PShell
MSHELL OIL 57545 PLAINFIELD /NJ US CARD PURCHASE
LAuto & Transport:Gas & Fuel
^
D11/26'21
U0.75
T0.75
C*
PRbt Quick Chek
MRBT QUICK CHEK EasySavings /NY US CARD PURCHASE REFUND
LDeposit
^
D11/26'21
U58,900.00
T58,900.00
C*
PATM Deposit
MATM CHECK DEPOSIT N665 728
LDeposit
^
D11/26'21
U-143.43
T-143.43
C*
PGoto Premfin Inspay
Mgoto PremFin 931 931 insPay *********12
LInsurance
^
D11/26'21
U-38.95
T-38.95
C*
PAdp Payroll
MADP PAYROLL FEES ADP - FEES211126 2RA96 2988760
LPayroll Fees
^
D11/26'21
U-85.00
T-85.00
C*
PShell
MSHELL OIL 57545 PLAINFIELD /NJ US CARD PURCHASE
LAuto & Transport:Gas & Fuel
^
D11/26'21
U-82.00
T-82.00
C*
PShell
MSHELL OIL 57545 PLAINFIELD /NJ US CARD PURCHASE
LAuto & Transport:Gas & Fuel
^
D11/26'21
U-3,510.00
T-3,510.00
C*
N288
PMfb Construction
MCHECK 000000000288
LSubcontractors
^
D11/29'21
U-398.54
T-398.54
C*
PEbay
MeBay O*16-07930 San Jose /CA US CARD PURCHASE
LPersonal
^
D11/29'21
U-1,278.39
T-1,278.39
C*
PCarid C Nj
MPAYPAL *CARID.C 8884565712 /NJ US CARD PURCHASE
LAuto & Transport:Service & Parts
^
D11/29'21
U-229.52
T-229.52
C*
PCarid.Com Nj Us
MCARID.COM 8884565712 /NJ US CARD PURCHASE
LAuto & Transport:Service & Parts
^
D11/29'21
U-78.47
T-78.47
C*
PWawa
MWAWA 8397 0 NORTH PLAINFI /NJ US CARD PURCHASE
LAuto & Transport:Gas & Fuel
^
D11/29'21
U-23,500.00
T-23,500.00
C*
N291
PAll Best Contractors
MCHECK 000000000291
LSubcontractors
^
D11/29'21
U-12,300.00
T-12,300.00
C*
N292
PMaximum Contrators
MCHECK 000000000292
LSubcontractors
^
D11/29'21
U-9,200.00
T-9,200.00
C*
N293
PMaximum Contrators
MCHECK 000000000293
LSubcontractors
^
D11/30'21
U8,100.00
T8,100.00
C*
PATM Deposit
MATM CHECK DEPOSIT N471 11
LDeposit
^
D12/ 1'21
U-1,974.68
T-1,974.68
C*
PSunbelt Rentals, Inc.
MSUNBELT RENTALS PERTH AMBOY /NJ US CARD PURCHASE
LEquip Rental
^
D12/ 3'21
U-281.32
T-281.32
C*
PGoto Premfin Inspay
Mgoto PremFin 931 931 insPay *********80
LInsurance
^
D12/ 3'21
U-38.95
T-38.95
C*
PAdp Payroll
MADP PAYROLL FEES ADP - FEES211203 2RA96 4044882
LPayroll Fees
^
D12/ 3'21
U-2,534.27
T-2,534.27
C*
PSkyworks Equipm Washington
MSKYWORKS EQUIPM WASHINGTON /NJ US CARD PURCHASE
LEquip Rental
^
D12/ 3'21
U-3,685.00
T-3,685.00
C*
N295
PClosure Systems
MCHECK 000000000295
LConstruction Supplies
^
D12/ 6'21
U-1,585.57
T-1,585.57
C*
N223
PJosil Auto Repair
MCHECK 000000000223
LAuto & Transport
^
D12/ 6'21
U-8,000.00
T-8,000.00
N296
PAll Best Contractors
MCHECK 000000000299
LSubcontractors
^
D12/ 6'21
U-2,875.00
T-2,875.00
C*
N297
PMaximum Contrators
MCHECK 000000000297
LSubcontractors
^
D12/ 6'21
U-23,250.00
T-23,250.00
N298
PMaximum Contrators
MCHECK 000000000304
LSubcontractors
^
D12/ 7'21
U-455.96
T-455.96
C*
PNarciso Print Newark
MNARCISO'S PRINT NEWARK /NJ US CARD PURCHASE
LOffice
^
D12/ 8'21
U-85.00
T-85.00
C*
PShell
MSHELL SERVICE S PLAINFIELD /NJ US CARD PURCHASE
LAuto & Transport:Gas & Fuel
^
D12/10'21
U-38.95
T-38.95
C*
PAdp Payroll
MADP PAYROLL FEES ADP - FEES211210 2RA96 4820060
LPayroll Fees
^
D12/10'21
U-70.76
T-70.76
C*
PShell
MSHELL OIL 57545 PLAINFIELD /NJ US CARD PURCHASE
LAuto & Transport:Gas & Fuel
^
D12/10'21
U-68.37
T-68.37
C*
PShell
MSHELL OIL 57545 PLAINFIELD /NJ US CARD PURCHASE
LAuto & Transport:Gas & Fuel
^
D12/10'21
U-87.21
T-87.21
C*
PSunoco
MSUNOCO 03683000 E BRUNSWICK /NJ US CARD PURCHASE
LAuto & Transport:Gas & Fuel
^
D12/13'21
U-85.00
T-85.00
C*
PShell
MSHELL SERVICE S PLAINFIELD /NJ US CARD PURCHASE
LAuto & Transport:Gas & Fuel
^
D12/13'21
U-21.09
T-21.09
C*
PShell
MSHELL SERVICE S PLAINFIELD /NJ US CARD PURCHASE
LPersonal
^
D12/13'21
U-35.82
T-35.82
C*
PShell
MSHELL SERVICE S PLAINFIELD /NJ US CARD PURCHASE
LAuto & Transport:Gas & Fuel
^
D12/13'21
U-67.49
T-67.49
C*
PShell
MSHELL OIL 57545 PLAINFIELD /NJ US CARD PURCHASE
LAuto & Transport:Gas & Fuel
^
D12/13'21
U-58.47
T-58.47
C*
PShell
MSHELL OIL 57545 PLAINFIELD /NJ US CARD PURCHASE
LAuto & Transport:Gas & Fuel
^
D12/13'21
U-12,000.00
T-12,000.00
C*
N253
PAll Best Contractors
MCHECK 000000000253
LSubcontractors
^
D12/13'21
U-5,750.00
T-5,750.00
C*
N254
PNao Tem Nome
MCHECK 000000000254
LLabor
^
D12/13'21
U-30,385.50
T-30,385.50
C*
N255
PMaximum Contrators
MCHECK 000000000255
LSubcontractors
^
D12/13'21
U-2,730.00
T-2,730.00
C*
N257
PMaximum Contrators
MCHECK 000000000257
LSubcontractors
^
D12/13'21
U-3,375.00
T-3,375.00
C*
N258
PMaximum Contrators
MCHECK 000000000258
LSubcontractors
^
D12/15'21
U-85.00
T-85.00
C*
PShell
MSHELL SERVICE S PLAINFIELD /NJ US CARD PURCHASE
LAuto & Transport:Gas & Fuel
^
D12/15'21
U-85.00
T-85.00
C*
PShell
MSHELL OIL 57545 PLAINFIELD /NJ US CARD PURCHASE
LAuto & Transport:Gas & Fuel
^
D12/15'21
U-85.00
T-85.00
C*
PShell
MSHELL OIL 57545 PLAINFIELD /NJ US CARD PURCHASE
LAuto & Transport:Gas & Fuel
^
D12/15'21
U-4,457.86
T-4,457.86
C*
PSkyworks Equipm Washington
MSKYWORKS EQUIPM WASHINGTON /NJ US CARD PURCHASE
LEquip Rental
^
D12/17'21
U-477.00
T-477.00
C*
PLabor Osha
MLABOR OSHA PAYMENT 211216 0294
LOsha
^
D12/17'21
U-38.95
T-38.95
C*
PAdp Payroll
MADP PAYROLL FEES ADP - FEES211217 2RA96 9137449
LPayroll Fees
^
D12/17'21
U-68.91
T-68.91
C*
PShell
MSHELL OIL 57545 PLAINFIELD /NJ US CARD PURCHASE
LAuto & Transport:Gas & Fuel
^
D12/17'21
U-81.44
T-81.44
C*
PShell
MSHELL OIL 57545 PLAINFIELD /NJ US CARD PURCHASE
LAuto & Transport:Gas & Fuel
^
D12/17'21
U-1,500.00
T-1,500.00
C*
N300
PReinaldo
MCHECK 000000000300
LPersonal
^
D12/17'21
U-12,000.00
T-12,000.00
C*
N302
PReinaldo
MCHECK 000000000302
LPersonal
^
D12/20'21
U-1,465.83
T-1,465.83
C*
PBest Buy
MBEST BUY 0 PHILADELPHIA/PA US CARD PURCHASE
LPersonal
^
D12/20'21
U-72.61
T-72.61
C*
PShell
MSHELL SERVICE S PLAINFIELD /NJ US CARD PURCHASE
LAuto & Transport:Gas & Fuel
^
D12/20'21
U-85.00
T-85.00
C*
PShell
MSHELL SERVICE S PLAINFIELD /NJ US CARD PURCHASE
LAuto & Transport:Gas & Fuel
^
D12/20'21
U-65.54
T-65.54
C*
PShell
MSHELL OIL 57545 PLAINFIELD /NJ US CARD PURCHASE
LAuto & Transport:Gas & Fuel
^
D12/20'21
U-85.00
T-85.00
C*
PShell
MSHELL SERVICE S PLAINFIELD /NJ US CARD PURCHASE
LAuto & Transport:Gas & Fuel
^
D12/20'21
U-85.00
T-85.00
C*
PShell
MSHELL OIL 57545 PLAINFIELD /NJ US CARD PURCHASE
LAuto & Transport:Gas & Fuel
^
D12/20'21
U-74.82
T-74.82
C*
PShell
MSHELL OIL 57545 PLAINFIELD /NJ US CARD PURCHASE
LAuto & Transport:Gas & Fuel
^
D12/20'21
U-4,207.86
T-4,207.86
C*
PSkyworks Equipm Washington
MSKYWORKS EQUIPM WASHINGTON /NJ US CARD PURCHASE
LEquip Rental
^
D12/20'21
U-9,500.00
T-9,500.00
C*
N224
PDiaz l Construction Llc
MCHECK 000000000224
LConstruction Supplies
^
D12/20'21
U-14,500.00
T-14,500.00
C*
N299
PAll Best Contractors
MCHECK 000000000299
LSubcontractors
^
D12/20'21
U-8,420.00
T-8,420.00
C*
N303
PMaximum Contrators
MCHECK 000000000303
LSubcontractors
^
D12/20'21
U-54,000.00
T-54,000.00
C*
N304
PMaximum Contrators
MCHECK 000000000304
LSubcontractors
^
D12/21'21
U-1,820.26
T-1,820.26
C*
PAuxiliary Service, Inc.
MAUXILIARY SERVI 6095300077 /NJ US CARD PURCHASE
LConstruction Supplies
^
D12/22'21
U20,350.00
T20,350.00
C*
PATM Deposit
MATM CHECK DEPOSIT N471 347
LDeposit
^
D12/22'21
U-1,070.99
T-1,070.99
C*
PUnited Fin Cas
MUNITED FIN CAS INS PREM 211221
LInsurance
^
D12/22'21
U-1,885.00
T-1,885.00
C*
N225
PJosil Auto Repair
MCHECK 000000000225
LAuto & Transport
^
D12/24'21
U-33.11
T-33.11
C*
PAdp Payroll
MADP PAYROLL FEES ADP - FEES211224 2RA96 9571550
LPayroll Fees
^
D12/24'21
U-2,420.00
T-2,420.00
C*
PCity Erectors Inc
MCITY ERECTORS C 9732278830 /NJ US CARD PURCHASE
LEquip Rental
^
D12/24'21
U-164.46
T-164.46
C*
PAuxiliary Service, Inc.
MAUXILIARY SERVI 6095300077 /NJ US CARD PURCHASE
LConstruction Supplies
^
D12/24'21
U-422.23
T-422.23
C*
PAuxiliary Service, Inc.
MAUXILIARY SERVI 6095300077 /NJ US CARD PURCHASE
LConstruction Supplies
^
D12/24'21
U-2,534.27
T-2,534.27
C*
PSkyworks Equipm Washington
MSKYWORKS EQUIPM WASHINGTON /NJ US CARD PURCHASE
LEquip Rental
^
D12/27'21
U-50.00
T-50.00
C*
PDelta
MDELTA LINDEN /NJ US CARD PURCHASE
LPersonal
^
D12/28'21
U-143.43
T-143.43
C*
PGoto Premfin Inspay
Mgoto PremFin 931 931 insPay *********12
LInsurance
^
D12/28'21
U-38.04
T-38.04
C*
PShell
MSHELL SERVICE S PLAINFIELD /NJ US CARD PURCHASE
LAuto & Transport:Gas & Fuel
^
D12/28'21
U-100.00
T-100.00
C*
PWawa
MWAWA 8152 0 PHILADELPHIA /PA US CARD PURCHASE
LAuto & Transport:Gas & Fuel
^
D12/28'21
U-39.38
T-39.38
C*
PWawa
MWAWA 8152 0 PHILADELPHIA /PA US CARD PURCHASE
LAuto & Transport:Gas & Fuel
^
D12/28'21
U-85.86
T-85.86
C*
PWawa
MWAWA 8152 0 PHILADELPHIA /PA US CARD PURCHASE
LAuto & Transport:Gas & Fuel
^
D12/28'21
U-5,000.00
T-5,000.00
C*
N227
PAuto Lenders
MCHECK 000000000227
LAuto & Transport
^
D12/29'21
U87,750.00
T87,750.00
C*
PATM Deposit
MATM CHECK DEPOSIT N471 354
LDeposit
^
D12/29'21
U-250.32
T-250.32
C*
PAuxiliary Service, Inc.
MAUXILIARY SERVI 6095300077 /NJ US CARD PURCHASE
LConstruction Supplies
^
D12/29'21
U-210.69
T-210.69
C*
PAuxiliary Service, Inc.
MAUXILIARY SERVI 6095300077 /NJ US CARD PURCHASE
LConstruction Supplies
^
D12/29'21
U-48.02
T-48.02
C*
PShell
MSHELL OIL 57545 PLAINFIELD /NJ US CARD PURCHASE
LAuto & Transport:Gas & Fuel
^
D12/29'21
U-20,000.00
T-20,000.00
C*
N226
PAuto Lenders
MCHECK 000000000226
LAuto & Transport
^
D12/30'21
U-85.00
T-85.00
C*
PShell
MSHELL SERVICE S PLAINFIELD /NJ US CARD PURCHASE
LAuto & Transport:Gas & Fuel
^
D12/30'21
U-199.92
T-199.92
C*
PAuxiliary Service, Inc.
MAUXILIARY SERVI 6095300077 /NJ US CARD PURCHASE
LConstruction Supplies
^
D12/30'21
U-75.38
T-75.38
C*
PShell
MSHELL OIL 57545 PLAINFIELD /NJ US CARD PURCHASE
LAuto & Transport:Gas & Fuel
^
D12/30'21
U-85.00
T-85.00
C*
PShell
MSHELL OIL 57545 PLAINFIELD /NJ US CARD PURCHASE
LAuto & Transport:Gas & Fuel
^
D12/31'21
U-33.11
T-33.11
C*
PAdp Payroll
MADP PAYROLL FEES ADP - FEES211231 2RA96 3682565
LPayroll Fees
^
D12/31'21
U-69.03
T-69.03
C*
PShell
MSHELL OIL 57545 PLAINFIELD /NJ US CARD PURCHASE
LAuto & Transport:Gas & Fuel
^
D12/31'21
U-1,754.57
T-1,754.57
C*
N228
PAlcides Estevees
MCASHED CHECK 000000000228
LLabor
^
D1/ 3'22
U-259.69
T-259.69
C*
PEbay
MeBay O*18-08076 San Jose /CA US CARD PURCHASE
LPersonal
^
D1/ 3'22
U-85.00
T-85.00
C*
PShell
MSHELL OIL 57545 PLAINFIELD /NJ US CARD PURCHASE
LAuto & Transport:Gas & Fuel
^
D1/ 3'22
U-57.35
T-57.35
C*
PShell
MSHELL OIL 57545 PLAINFIELD /NJ US CARD PURCHASE
LAuto & Transport:Gas & Fuel
^
D1/ 3'22
U-1,500.00
T-1,500.00
C*
N289
PReinaldo Da Rocha
MCHECK 000000000289
LPersonal
^
D1/ 3'22
U-1,500.00
T-1,500.00
C*
N308
PReinaldo Da Rocha
MCHECK 000000000308
LPersonal
^
D1/ 4'22
U-223.35
T-223.35
C*
PAuxiliary Service, Inc.
MAUXILIARY SERVI LAWRENCE TWP /NJ US CARD PURCHASE
LConstruction Supplies
^
D1/ 4'22
U-72.28
T-72.28
C*
PShell
MSHELL OIL 57545 PLAINFIELD /NJ US CARD PURCHASE
LAuto & Transport:Gas & Fuel
^
D1/ 4'22
U-4,165.00
T-4,165.00
C*
N305
PMaximum Contrators
MCHECK 000000000305
LSubcontractors
^
D1/ 4'22
U-18,000.00
T-18,000.00
C*
N306
PAll Best Contractors
MCHECK 000000000306
LSubcontractors
^
D1/ 4'22
U-28,320.00
T-28,320.00
C*
N307
PMaximum Contrators
MCHECK 000000000307
LSubcontractors
^
D1/ 5'22
U-32.18
T-32.18
C*
PShell
MSHELL SERVICE S PLAINFIELD /NJ US CARD PURCHASE
LAuto & Transport:Gas & Fuel
^
D1/ 5'22
U-85.00
T-85.00
C*
PShell
MSHELL SERVICE S PLAINFIELD /NJ US CARD PURCHASE
LAuto & Transport:Gas & Fuel
^
D1/ 5'22
U-85.00
T-85.00
C*
PShell
MSHELL SERVICE S PLAINFIELD /NJ US CARD PURCHASE
LAuto & Transport:Gas & Fuel
^
D1/ 5'22
U-61.84
T-61.84
C*
PAuxiliary Service, Inc.
MAUXILIARY SERVI LAWRENCE TWP /NJ US CARD PURCHASE
LConstruction Supplies
^
D1/ 6'22
U-280.08
T-280.08
C*
PCommonwealth Auto Tags
MCOMMONWEALTH AU LEVITTOWN /PA US CARD PURCHASE
LAuto & Transport
^
D1/ 6'22
U-2,284.27
T-2,284.27
C*
PSkyworks Equipm Washington
MSKYWORKS EQUIPM WASHINGTON /NJ US CARD PURCHASE
LEquip Rental
^
D1/ 7'22
U-33.11
T-33.11
C*
PAdp Payroll
MADP PAYROLL FEES ADP - FEES220107 2RA96 5788946
LPayroll Fees
^
D1/ 7'22
U-3,489.99
T-3,489.99
C*
PBruce R Koerne
MBruce R. Koerne 973-989-7990 /NJ US CARD PURCHASE
LEquip Rental
^
D1/ 7'22
U-77.83
T-77.83
C*
PWawa
MWAWA 8152 0 PHILADELPHIA /PA US CARD PURCHASE
LAuto & Transport:Gas & Fuel
^
D1/ 7'22
U-100.00
T-100.00
C*
PWawa
MWAWA 8152 0 PHILADELPHIA /PA US CARD PURCHASE
LAuto & Transport:Gas & Fuel
^
D1/ 7'22
U-36.45
T-36.45
C*
PWawa
MWAWA 8152 0 PHILADELPHIA /PA US CARD PURCHASE
LAuto & Transport:Gas & Fuel
^
D1/ 7'22
U-2,559.00
T-2,559.00
C*
PSkyworks Equipm Washington
MSKYWORKS EQUIPM WASHINGTON /NJ US CARD PURCHASE
LEquip Rental
^
D1/ 7'22
U-4,207.86
T-4,207.86
C*
PSkyworks Equipm Washington
MSKYWORKS EQUIPM WASHINGTON /NJ US CARD PURCHASE
LEquip Rental
^
D1/ 7'22
U-84.97
T-84.97
C*
PShell
MSHELL OIL 57545 PLAINFIELD /NJ US CARD PURCHASE
LAuto & Transport:Gas & Fuel
^
D1/ 7'22
U-57.77
T-57.77
C*
PShell
MSHELL OIL 57545 PLAINFIELD /NJ US CARD PURCHASE
LAuto & Transport:Gas & Fuel
^
D1/10'22
U4,207.85
T4,207.85
C*
PSkyworks Equipm Washington
MSKYWORKS EQUIPM WASHINGTON /NJ US CARD PURCHASE REFUND
LRefund
^
D1/10'22
U-77.00
T-77.00
C*
PShell
MSHELL OIL 57545 PLAINFIELD /NJ US CARD PURCHASE
LAuto & Transport:Gas & Fuel
^
D1/10'22
U-8,000.00
T-8,000.00
C*
N230
PAll Best Contractors
MCHECK 000000000230
LSubcontractors
^
D1/10'22
U-5,500.00
T-5,500.00
C*
N309
PMaximum Contrators
MCHECK 000000000309
LSubcontractors
^
D1/11'22
U67,925.00
T67,925.00
C*
PATM Deposit
MATM CHECK DEPOSIT N471 120
LDeposit
^
D1/11'22
U-62.75
T-62.75
C*
PSunoco
MSUNOCO 05691118 MIDDLETOWN /PA US CARD PURCHASE
LAuto & Transport:Gas & Fuel
^
D1/11'22
U-62.75
T-62.75
C*
PSunoco
MSUNOCO 06455901 BEDFORD /PA US CARD PURCHASE
LAuto & Transport:Gas & Fuel
^
D1/12'22
U-85.00
T-85.00
C*
PShell
MSHELL OIL 57545 PLAINFIELD /NJ US CARD PURCHASE
LAuto & Transport:Gas & Fuel
^
D1/12'22
U-50.68
T-50.68
C*
PShell
MSHELL OIL 57545 PLAINFIELD /NJ US CARD PURCHASE
LAuto & Transport:Gas & Fuel
^
D1/13'22
U303.84
T303.84
C*
PHome Depot Watchung
MTHE HOME DEPOT WATCHUNG /NJ US CARD PURCHASE REFUND
LRefund
^
D1/13'22
U2,239.12
T2,239.12
C*
PSkyworks Equipm Washington
MSKYWORKS EQUIPM WASHINGTON /NJ US CARD PURCHASE REFUND
LRefund
^
D1/13'22
U-303.84
T-303.84
C*
PHome Depot
MTHE HOME DEPOT WATCHUNG /NJ US CARD PURCHASE
LConstruction Supplies
^
D1/13'22
U-303.84
T-303.84
C*
PHome Depot
MTHE HOME DEPOT WATCHUNG /NJ US CARD PURCHASE
LConstruction Supplies
^
D1/13'22
U-347.23
T-347.23
C*
PHome Depot
MTHE HOME DEPOT S PLAINFIELD/NJ US CARD PURCHASE
LConstruction Supplies
^
D1/13'22
U-132.51
T-132.51
C*
PAuxiliary Service, Inc.
MAUXILIARY SERVI 6095300077 /NJ US CARD PURCHASE
LConstruction Supplies
^
D1/13'22
U-4,207.85
T-4,207.85
C*
PSkyworks Equipm Washington
MSKYWORKS EQUIPM WASHINGTON /NJ US CARD PURCHASE
LEquip Rental
^
D1/13'22
U-42,750.00
T-42,750.00
C*
N232
PDavis Hils
MCHECK 000000000232
LEquip Rental
^
D1/14'22
U-1,250.00
T-1,250.00
C*
PBusiness Solutio
MBUSINESS SOLUTIO 25410 220113 215-725-5990
LAccounting
^
D1/14'22
U-33.11
T-33.11
C*
PAdp Payroll
MADP PAYROLL FEES ADP - FEES220114 2RA96 6489065
LPayroll Fees
^
D1/14'22
U-122.52
T-122.52
C*
PHome Depot
MTHE HOME DEPOT WATCHUNG /NJ US CARD PURCHASE
LConstruction Supplies
^
D1/14'22
U-1,683.15
T-1,683.15
C*
PSkyworks Equipm Washington
MSKYWORKS EQUIPM WASHINGTON /NJ US CARD PURCHASE
LEquip Rental
^
D1/14'22
U-85.00
T-85.00
C*
PShell
MSHELL OIL 57545 PLAINFIELD /NJ US CARD PURCHASE
LAuto & Transport:Gas & Fuel
^
D1/18'22
U-198.77
T-198.77
C*
PAuxiliary Service, Inc.
MAUXILIARY SERVI 6095300077 /NJ US CARD PURCHASE
LConstruction Supplies
^
D1/18'22
U-1,475.00
T-1,475.00
C*
PCity Erectors Inc
MCITY ERECTORS C 9732278830 /NJ US CARD PURCHASE
LEquip Rental
^
D1/18'22
U-33.17
T-33.17
C*
PShell
MSHELL SERVICE S PLAINFIELD /NJ US CARD PURCHASE
LAuto & Transport:Gas & Fuel
^
D1/18'22
U-40.71
T-40.71
C*
PShell
MSHELL SERVICE S PLAINFIELD /NJ US CARD PURCHASE
LAuto & Transport:Gas & Fuel
^
D1/18'22
U-85.00
T-85.00
C*
PShell
MSHELL SERVICE S PLAINFIELD /NJ US CARD PURCHASE
LAuto & Transport:Gas & Fuel
^
D1/18'22
U-85.00
T-85.00
C*
PShell
MSHELL OIL 57545 PLAINFIELD /NJ US CARD PURCHASE
LAuto & Transport:Gas & Fuel
^
D1/18'22
U-85.00
T-85.00
C*
PShell
MSHELL OIL 57545 PLAINFIELD /NJ US CARD PURCHASE
LAuto & Transport:Gas & Fuel
^
D1/18'22
U-47.92
T-47.92
C*
PFuel One Avenel
MFUEL ONE 6 AVENEL /NJ US CARD PURCHASE
LAuto & Transport:Gas & Fuel
^
D1/18'22
U-98.79
T-98.79
C*
PWawa
MWAWA 8152 0 PHILADELPHIA /PA US CARD PURCHASE
LAuto & Transport:Gas & Fuel
^
D1/18'22
U-65.01
T-65.01
C*
PShell
MSHELL OIL 57545 PLAINFIELD /NJ US CARD PURCHASE
LAuto & Transport:Gas & Fuel
^
D1/18'22
U-18,530.00
T-18,530.00
C*
N234
PNew Team Contractor
MCHECK 000000000234
LSubcontractors
^
D1/19'22
U-56.09
T-56.09
C*
PWawa
MWAWA 8152 PHILADELPHIA/PA US CARD PURCHASE
LAuto & Transport:Gas & Fuel
^
D1/19'22
U-1,140.00
T-1,140.00
C*
PClosure Systems Pa
MCLOSURE SYSTEMS 215-245-1717 /PA US CARD PURCHASE
LConstruction Supplies
^
D1/19'22
U-100.00
T-100.00
C*
PWawa
MWAWA 8152 0 PHILADELPHIA /PA US CARD PURCHASE
LAuto & Transport:Gas & Fuel
^
D1/19'22
U-80.45
T-80.45
C*
PWawa
MWAWA 8152 0 PHILADELPHIA /PA US CARD PURCHASE
LAuto & Transport:Gas & Fuel
^
D1/19'22
U-16.56
T-16.56
C*
PWawa
MWAWA 8152 0 PHILADELPHIA /PA US CARD PURCHASE
LPersonal
^
D1/19'22
U-8,000.00
T-8,000.00
C*
N233
PAll Best Contractors
MCHECK 000000000233
LSubcontractors
^
D1/21'22
U49,400.00
T49,400.00
C*
PBranch Scotch Plains
MBRANCH TRANSACTION AT SCOTCH PLAINS  - CHECK DEPOSIT.
LDeposit
^
D1/21'22
U-33.11
T-33.11
C*
PAdp Payroll
MADP PAYROLL FEES ADP - FEES220121 2RA96 7272159
LPayroll Fees
^
D1/21'22
U-2,284.26
T-2,284.26
C*
PSkyworks Equipm Washington
MSKYWORKS EQUIPM WASHINGTON /NJ US CARD PURCHASE
LEquip Rental
^
D1/24'22
U20,995.00
T20,995.00
C*
PBranch Rockaway Deposit
MBRANCH TRANSACTION AT ROCKAWAY  - CHECK DEPOSIT.
LDeposit
^
D1/24'22
U-305.00
T-305.00
C*
PUnited Fin Cas
MUNITED FIN CAS INS PREM 220121
LInsurance
^
D1/25'22
U76.13
T76.13
C*
PCarid.Com Nj Us
MCARID.COM 8884565712 /NJ US CARD PURCHASE REFUND
LRefund
^
D1/25'22
U-143.43
T-143.43
C*
PGoto Premfin Inspay
Mgoto PremFin 931 931 insPay *********12
LInsurance
^
D1/25'22
U-2,988.00
T-2,988.00
C*
N262
PNew Team Contractor
MCHECK 000000000262
LSubcontractors
^
D1/25'22
U-3,630.00
T-3,630.00
C*
N263
PNew Team Contractor
MCHECK 000000000263
LSubcontractors
^
D1/25'22
U-2,650.00
T-2,650.00
C*
N264
PNew Team Contractor
MCHECK 000000000264
LSubcontractors
^
D1/25'22
U-3,200.00
T-3,200.00
C*
N265
PNew Team Contractor
MCHECK 000000000265
LSubcontractors
^
D1/26'22
U-79.80
T-79.80
C*
PAdp Payroll
MADP PAYROLL FEES ADP - FEES220126 2RA96 1056545
LPayroll Fees
^
D1/26'22
U-5.39
T-5.39
C*
PApple
MPAYPAL *APPLE.C San Jose /CA US CARD PURCHASE
LPersonal
^
D1/26'22
U-55.29
T-55.29
C*
PHome Depot
MTHE HOME DEPOT BRIDGEWATER /NJ US CARD PURCHASE
LConstruction Supplies
^
D1/26'22
U-60.79
T-60.79
C*
PShell
MSHELL OIL 57545 PLAINFIELD /NJ US CARD PURCHASE
LAuto & Transport:Gas & Fuel
^
D1/26'22
U-1,450.41
T-1,450.41
C*
PSkyworks Equipm Washington
MSKYWORKS EQUIPM WASHINGTON /NJ US CARD PURCHASE
LEquip Rental
^
D1/26'22
U-8,500.00
T-8,500.00
C*
N261
PAll Best Contractors
MCHECK 000000000261
LSubcontractors
^
D1/26'22
U-3,240.00
T-3,240.00
C*
N266
PAll Best Contractors
MCHECK 000000000266
LSubcontractors
^
D1/27'22
U-477.00
T-477.00
C*
PLabor Osha
MLABOR OSHA PAYMENT 220126 0229
LOsha
^
D1/27'22
U-5.39
T-5.39
C*
PApple
MPAYPAL *APPLE.C San Jose /CA US CARD PURCHASE
LPersonal
^
D1/27'22
U-154.61
T-154.61
C*
PHome Depot
MTHE HOME DEPOT BRIDGEWATER /NJ US CARD PURCHASE
LConstruction Supplies
^
D1/27'22
U-86.19
T-86.19
C*
PWawa
MWAWA 8152 0 PHILADELPHIA /PA US CARD PURCHASE
LAuto & Transport:Gas & Fuel
^
D1/27'22
U-100.00
T-100.00
C*
PWawa
MWAWA 8152 0 PHILADELPHIA /PA US CARD PURCHASE
LAuto & Transport:Gas & Fuel
^
D1/28'22
U-33.11
T-33.11
C*
PAdp Payroll
MADP PAYROLL FEES ADP - FEES220128 2RA96 2460232
LPayroll Fees
^
D1/28'22
U-73.81
T-73.81
C*
PHome Depot
MTHE HOME DEPOT BRIDGEWATER /NJ US CARD PURCHASE
LConstruction Supplies
^
D1/28'22
U-76.55
T-76.55
C*
PWawa
MWAWA 8152 0 PHILADELPHIA /PA US CARD PURCHASE
LAuto & Transport:Gas & Fuel
^
D1/31'22
U-65.39
T-65.39
C*
PWawa
MWAWA 8152 0 PHILADELPHIA /PA US CARD PURCHASE
LAuto & Transport:Gas & Fuel
^
D1/31'22
U-961.79
T-961.79
C*
PSkyworks Equipm Washington
MSKYWORKS EQUIPM WASHINGTON /NJ US CARD PURCHASE
LEquip Rental
^
D1/31'22
U-8,500.00
T-8,500.00
C*
N260
PMfb Construction
MCHECK 000000000260
LSubcontractors
^
D2/ 1'22
U-8,904.00
T-8,904.00
C*
N268
PNew Team Contractor
MCHECK 000000000268
LSubcontractors
^
D2/ 1'22
U-6,050.00
T-6,050.00
C*
N271
PNew Team Contractor
MCHECK 000000000271
LSubcontractors
^
D2/ 1'22
U-13,051.00
T-13,051.00
C*
N272
PNew Team Contractor
MCHECK 000000000272
LSubcontractors
^
D2/ 2'22
U-170.00
T-170.00
C*
PBusiness Solutio
MBUSINESS SOLUTIO 25626 220201 215-725-5990
LAccounting
^
D2/ 2'22
U-5.39
T-5.39
C*
PApple
MPAYPAL *APPLE.C San Jose /CA US CARD PURCHASE
LPersonal
^
D2/ 2'22
U-5,000.00
T-5,000.00
C*
N269
PAll Best Contractors
MCHECK 000000000269
LSubcontractors
^
D2/ 3'22
U-94.12
T-94.12
C*
PWawa
MWAWA 8152 0 PHILADELPHIA /PA US CARD PURCHASE
LAuto & Transport:Gas & Fuel
^
D2/ 3'22
U-73.71
T-73.71
C*
PWawa
MWAWA 8152 0 PHILADELPHIA /PA US CARD PURCHASE
LAuto & Transport:Gas & Fuel
^
D2/ 3'22
U-24.33
T-24.33
C*
PWawa
MWAWA 8152 0 PHILADELPHIA /PA US CARD PURCHASE
LPersonal
^
D2/ 4'22
U54,930.00
T54,930.00
C*
PBranch Rockaway Deposit
MBRANCH TRANSACTION AT ROCKAWAY  - CHECK DEPOSIT.
LDeposit
^
D2/ 4'22
U194,475.00
T194,475.00
C*
PBranch Scotch Plains
MBRANCH TRANSACTION AT SCOTCH PLAINS  - CHECK DEPOSIT.
LDeposit
^
D2/ 4'22
U-33.11
T-33.11
C*
PAdp Payroll
MADP PAYROLL FEES ADP - FEES220204 2RA96 7912793
LPayroll Fees
^
D2/ 4'22
U-961.80
T-961.80
C*
PSkyworks Equipm Washington
MSKYWORKS EQUIPM WASHINGTON /NJ US CARD PURCHASE
LEquip Rental
^
D2/ 7'22
U-5.39
T-5.39
C*
PApple
MPAYPAL *APPLE.C San Jose /CA US CARD PURCHASE
LPersonal
^
D2/ 7'22
U-8,000.00
T-8,000.00
C*
N276
PMfb Construction
MCHECK 000000000276
LSubcontractors
^
D2/ 8'22
U-19,000.00
T-19,000.00
C*
N274
PNew Team Contractor
MCHECK 000000000274
LSubcontractors
^
D2/ 9'22
U-325.43
T-325.43
C*
PNarciso Print Newark
MNARCISO'S PRINT NEWARK /NJ US CARD PURCHASE
LOffice
^
D2/ 9'22
U-6,500.00
T-6,500.00
C*
N259
PCG Contractor
MCHECK 000000000259
LSubcontractors
^
D2/ 9'22
U-13,000.00
T-13,000.00
C*
N273
PAll Best Contractors
MCHECK 000000000273
LSubcontractors
^
D2/10'22
U-138.61
T-138.61
C*
PAuxiliary Service, Inc.
MAUXILIARY SERVI 6095300077 /NJ US CARD PURCHASE
LConstruction Supplies
^
D2/10'22
U-2,337.42
T-2,337.42
C*
N277
PAlcides Estevees
MCHECK 000000000277
LLabor
^
D2/11'22
U-33.11
T-33.11
C*
PAdp Payroll
MADP PAYROLL FEES ADP - FEES220211 2RA96 8724470
LPayroll Fees
^
D2/11'22
U-60.81
T-60.81
C*
PWawa
MWAWA 8152 0 PHILADELPHIA /PA US CARD PURCHASE
LAuto & Transport:Gas & Fuel
^
D2/11'22
U-0.01
T-0.01
C*
PSkyworks Equipm Washington
MSKYWORKS EQUIPM WASHINGTON /NJ US CARD PURCHASE
LEquip Rental
^
D2/14'22
U-53.29
T-53.29
C*
PLowe's
MLOWE'S #1185 PRINCETON /NJ US CARD PURCHASE
LConstruction Supplies
^
D2/14'22
U-75.00
T-75.00
C*
PQuick Chek Corporation
MQUICK CHEK CORP SOUTH BOUND B /NJ US CARD PURCHASE
LPersonal
^
D2/14'22
U-44.66
T-44.66
C*
PQuick Chek Corporation
MQUICK CHEK CORP SOUTH BOUND B /NJ US CARD PURCHASE
LPersonal
^
D2/14'22
U-109.10
T-109.10
C*
PHome Depot
MTHE HOME DEPOT BRIDGEWATER /NJ US CARD PURCHASE
LConstruction Supplies
^
D2/14'22
U-100.00
T-100.00
C*
PWawa
MWAWA 8152 0 PHILADELPHIA /PA US CARD PURCHASE
LAuto & Transport:Gas & Fuel
^
D2/14'22
U-55.14
T-55.14
C*
PWawa
MWAWA 8152 0 PHILADELPHIA /PA US CARD PURCHASE
LAuto & Transport:Gas & Fuel
^
D2/14'22
U-75.00
T-75.00
C*
PEl Palacio Restaurante
MEL PALACIO REST BOUND BROOK /NJ US CARD PURCHASE
LPersonal
^
D2/14'22
U-2,265.00
T-2,265.00
C*
N279
PNew Team Contractor
MCHECK 000000000279
LSubcontractors
^
D2/14'22
U-15,900.00
T-15,900.00
C*
N280
PAll Best Contractors
MCHECK 000000000280
LSubcontractors
^
D2/15'22
U-4,340.00
T-4,340.00
C*
N281
PNew Team Contractor
MCHECK 000000000281
LSubcontractors
^
D2/16'22
U0.45
T0.45
C*
PRbt Quick Chek
MRBT QUICK CHEK EasySavings /NY US CARD PURCHASE REFUND
LRefund
^
D2/16'22
U0.75
T0.75
C*
PRbt Quick Chek
MRBT QUICK CHEK EasySavings /NY US CARD PURCHASE REFUND
LRefund
^
D2/16'22
U153.39
T153.39
C*
PCarid.Com Nj Us
MCARID.COM 8884565712 /NJ US CARD PURCHASE REFUND
LRefund
^
D2/16'22
U-1,683.15
T-1,683.15
C*
PSkyworks Equipm Washington
MSKYWORKS EQUIPM WASHINGTON /NJ US CARD PURCHASE
LEquip Rental
^
D2/17'22
U-110.89
T-110.89
C*
PSkyworks Equipm Washington
MSKYWORKS EQUIPM WASHINGTON /NJ US CARD PURCHASE
LEquip Rental
^
D2/17'22
U-534.44
T-534.44
C*
PSkyworks Equipm Washington
MSKYWORKS EQUIPM WASHINGTON /NJ US CARD PURCHASE
LEquip Rental
^
D2/17'22
U-1,050.00
T-1,050.00
C*
PEquipment
MABLE EQUIPMENT DEER PARK /NY US CARD PURCHASE
LEquip Rental
^
D2/18'22
U-33.11
T-33.11
C*
PAdp Payroll
MADP PAYROLL FEES ADP - FEES220218 2RA96 3130227
LPayroll Fees
^
D2/18'22
U-81.08
T-81.08
C*
PBp
MBP#1358400ROCKA ROCKAWAY /NJ US CARD PURCHASE
LAuto & Transport:Gas & Fuel
^
D2/22'22
U47,085.00
T47,085.00
C*
PBranch Boulevard North
MBRANCH TRANSACTION AT BOULEVARD - NORTH EAST  - CHECK DEPOSIT.
LDeposit
^
D2/22'22
U-10.00
T-10.00
C*
PFees
MFEES PAYMENT.
LFees & Charges:Bank Fee
^
D2/22'22
U-88.54
T-88.54
C*
PApple
MPAYPAL *APPLE.C San Jose /CA US CARD PURCHASE
LPersonal
^
D2/22'22
U-12,925.00
T-12,925.00
C*
PBranch Boulevard North
MBRANCH TRANSACTION AT BOULEVARD - NORTH EAST  - CHECK PURCHASE.
LPersonal
^
D2/22'22
U-2,608.15
T-2,608.15
C*
PBest Buy
MBEST BUY 0 PHILADELPHIA/PA US CARD PURCHASE
LPersonal
^
D2/22'22
U-129.54
T-129.54
C*
PLowe's
MLOWE'S #1848 PHILADELPHIA/PA US CARD PURCHASE
LConstruction Supplies
^
D2/22'22
U-21,820.00
T-21,820.00
C*
N282
PAll Best Contractors
MCHECK 000000000282
LSubcontractors
^
D2/22'22
U-13,500.00
T-13,500.00
C*
N283
PNew Team Contractor
MCHECK 000000000283
LSubcontractors
^
D2/22'22
U-7,590.00
T-7,590.00
C*
N284
PNew Team Contractor
MCHECK 000000000284
LSubcontractors
^
D2/22'22
U-18,000.00
T-18,000.00
C*
N301
PReinaldo Da Rocha
MCHECK 000000000301
LPersonal
^
D2/23'22
U-477.00
T-477.00
C*
PLabor Osha
MLABOR OSHA PAYMENT 220222 0275
LOsha
^
D2/23'22
U-5.39
T-5.39
C*
PApple
MPAYPAL *APPLE.C San Jose /CA US CARD PURCHASE
LPersonal
^
D2/23'22
U-85.97
T-85.97
C*
PRegional Hillside Nj
MREGIONAL HILLSIDE /NJ US CARD PURCHASE
LPersonal
^
D2/23'22
U-76.46
T-76.46
C*
PExxon
MEXXONMOBIL 4 MOUNTAINSIDE /NJ US CARD PURCHASE
LAuto & Transport:Gas & Fuel
^
D2/23'22
U-114.00
T-114.00
C*
N278
PJosil Auto Repair
MCHECK 000000000278
LAuto & Transport:Service & Parts
^
D2/24'22
U-39.20
T-39.20
C*
P7-Eleven
M7-ELEVEN PLAINFIELD /NJ US CARD PURCHASE
LAuto & Transport:Gas & Fuel
^
D2/24'22
U-79.39
T-79.39
C*
PSpeedway
MSPEEDWAY 03475 NORTH BRUNSWI /NJ US CARD PURCHASE
LAuto & Transport:Gas & Fuel
^
D2/25'22
U-143.43
T-143.43
C*
PGoto Premfin Inspay
Mgoto PremFin 931 931 insPay *********12
LInsurance
^
D2/25'22
U-33.11
T-33.11
C*
PAdp Payroll
MADP PAYROLL FEES ADP - FEES220225 2RA96 0676531
LPayroll Fees
^
D2/25'22
U-58.88
T-58.88
C*
PAutozone
MAUTOZONE 1155 PLAINFIELD /NJ US CARD PURCHASE
LAuto & Transport:Service & Parts
^
D2/28'22
U-5.39
T-5.39
C*
PApple
MPAYPAL *APPLE.C San Jose /CA US CARD PURCHASE
LPersonal
^
D2/28'22
U-88.49
T-88.49
C*
PDell
MDMI* DELL SALES 8006249897 /TX US CARD PURCHASE
LOffice
^
D2/28'22
U-158.87
T-158.87
C*
PDell
MDMI* DELL SALES 8006249897 /TX US CARD PURCHASE
LOffice
^
D2/28'22
U-41.84
T-41.84
C*
PShell
MSHELL OIL 57545 PLAINFIELD /NJ US CARD PURCHASE
LAuto & Transport:Gas & Fuel
^
D3/ 1'22
U-36.95
T-36.95
C*
PDeluxe Ck M
MDELUXE CK-M CHECK/ACC.220225
LOffice
^
D3/ 1'22
U-85.76
T-85.76
C*
PBp
MBP#1358400ROCKA ROCKAWAY /NJ US CARD PURCHASE
LAuto & Transport:Gas & Fuel
^
D3/ 1'22
U-5,120.00
T-5,120.00
C*
N343
PMfb Construction
MCHECK 000000000343
LSubcontractors
^
D3/ 2'22
U-5.39
T-5.39
C*
PApple
MPAYPAL *APPLE.C San Jose /CA US CARD PURCHASE
LPersonal
^
D3/ 2'22
U-8,447.64
T-8,447.64
C*
N310
PNew Team Contractor
MCHECK 000000000310
LSubcontractors
^
D3/ 2'22
U-11,755.00
T-11,755.00
C*
N311
PNew Team Contractor
MCHECK 000000000311
LSubcontractors
^
D3/ 2'22
U-3,075.00
T-3,075.00
C*
N336
PNew Team Contractor
MCHECK 000000000336
LSubcontractors
^
D3/ 2'22
U-2,880.00
T-2,880.00
C*
N338
PNew Team Contractor
MCHECK 000000000338
LSubcontractors
^
D3/ 2'22
U-5,000.00
T-5,000.00
C*
N339
PAll Best Contractors
MCHECK 000000000339
LSubcontractors
^
D3/ 2'22
U-5,350.00
T-5,350.00
C*
N341
PNew Team Contractor
MCHECK 000000000341
LSubcontractors
^
D3/ 3'22
U-170.00
T-170.00
C*
PBusiness Solutio
MBUSINESS SOLUTIO 25855 220301 215-725-5990
LAccounting
^
D3/ 3'22
U-3,000.00
T-3,000.00
C*
PCity Erectors Inc
MCITY ERECTORS C 9732278830 /NJ US CARD PURCHASE
LEquip Rental
^
D3/ 4'22
U-33.11
T-33.11
C*
PAdp Payroll
MADP PAYROLL FEES ADP - FEES220304 2RA96 4760078
LPayroll Fees
^
D3/ 4'22
U-500.00
T-500.00
C*
PStarlight Agenc Pa
MSTARLIGHT AGENC 2673881810 /PA US CARD PURCHASE
LInsurance
^
D3/ 4'22
U-85.00
T-85.00
C*
PShell
MSHELL OIL 57545 PLAINFIELD /NJ US CARD PURCHASE
LAuto & Transport:Gas & Fuel
^
D3/ 4'22
U-82.24
T-82.24
C*
PShell
MSHELL OIL 57545 PLAINFIELD /NJ US CARD PURCHASE
LAuto & Transport:Gas & Fuel
^
D3/ 7'22
U-2,953.50
T-2,953.50
C*
PDell
MDMI* DELL SALES 8006249897 /TX US CARD PURCHASE
LOffice
^
D3/ 7'22
U-93.99
T-93.99
C*
PLukoil
MLUKOIL 57729 PRINCETON /NJ US CARD PURCHASE
LAuto & Transport:Gas & Fuel
^
D3/ 7'22
U-142.24
T-142.24
C*
PAuxiliary Service, Inc.
MAUXILIARY SERVI 6095300077 /NJ US CARD PURCHASE
LConstruction Supplies
^
D3/ 7'22
U-16,500.00
T-16,500.00
C*
N345
PMfb Construction
MCHECK 000000000345
LSubcontractors
^
D3/ 8'22
U-1,440.00
T-1,440.00
C*
PTravelers Bus Insur
MTRAVELERS BUS INSUR 220307 BPITBI087292033
LInsurance
^
D3/ 8'22
U-164.80
T-164.80
C*
PBluestone Inc
MBLUESTONE INSUR 2153423848 /PA US CARD PURCHASE
LInsurance
^
D3/ 8'22
U-164.80
T-164.80
C*
PBluestone Inc
MBLUESTONE INSUR 2153423848 /PA US CARD PURCHASE
LInsurance
^
D3/ 8'22
U-6,050.00
T-6,050.00
C*
N344
PNew Team Contractor
MCHECK 000000000344
LSubcontractors
^
D3/ 8'22
U-3,240.00
T-3,240.00
C*
N346
PNew Team Contractor
MCHECK 000000000346
LSubcontractors
^
D3/ 9'22
U-5.39
T-5.39
C*
PApple
MPAYPAL *APPLE.C San Jose /CA US CARD PURCHASE
LPersonal
^
D3/ 9'22
U-30.00
T-30.00
C*
PTorresdale
MTORRESDALE EXXO PHILADELPHIA/PA US CARD PURCHASE
LAuto & Transport:Gas & Fuel
^
D3/ 9'22
U-30.00
T-30.00
C*
PTorresdale
MTORRESDALE EXXO PHILADELPHIA/PA US CARD PURCHASE
LAuto & Transport:Gas & Fuel
^
D3/10'22
U3,000.00
T3,000.00
C*
PATM Deposit
MATM CHECK DEPOSIT N471 323
LDeposit
^
D3/10'22
U52,550.00
T52,550.00
C*
PATM Deposit
MATM CHECK DEPOSIT N471 322
LDeposit
^
D3/10'22
U-1,059.64
T-1,059.64
C*
PJimcor Agencies Web
MJimcor Agencies WEB PMTS 031022
LInsurance
^
D3/10'22
U-804.98
T-804.98
C*
PJimcor Agencies Web
MJimcor Agencies WEB PMTS 031022
LInsurance
^
D3/10'22
U-1.50
T-1.50
C*
PXpress Pay Web
MXpress-pay WEB PMTS 031022
LPersonal
^
D3/10'22
U-1.50
T-1.50
C*
PXpress Pay Web
MXpress-pay WEB PMTS 031022
LPersonal
^
D3/11'22
U-33.11
T-33.11
C*
PAdp Payroll
MADP PAYROLL FEES ADP - FEES220311 2RA96 6424725
LPayroll Fees
^
D3/11'22
U-73.43
T-73.43
C*
PHome Depot
MTHE HOME DEPOT WATCHUNG /NJ US CARD PURCHASE
LConstruction Supplies
^
D3/11'22
U-100.00
T-100.00
C*
PWawa
MWAWA 8152 0 PHILADELPHIA /PA US CARD PURCHASE
LAuto & Transport:Gas & Fuel
^
D3/11'22
U-78.83
T-78.83
C*
PWawa
MWAWA 8152 0 PHILADELPHIA /PA US CARD PURCHASE
LAuto & Transport:Gas & Fuel
^
D3/14'22
U2.87
T2.87
C*
PRbt Tgi Fridays
MRBT TGI FRIDAYS EasySavings /NY US CARD PURCHASE REFUND
LRefund
^
D3/14'22
U-19.58
T-19.58
C*
PHarbor Freight Green
MHARBOR FREIGHT GREEN BROOK /NJ US CARD PURCHASE
LConstruction Supplies
^
D3/14'22
U-45.44
T-45.44
C*
PAutozone
MAUTOZONE 1155 PLAINFIELD /NJ US CARD PURCHASE
LAuto & Transport:Service & Parts
^
D3/14'22
U-71.74
T-71.74
C*
PTgi Friday's
MTGI FRIDAYS 606 WATCHUNG /NJ US CARD PURCHASE
LPersonal
^
D3/15'22
U-74.53
T-74.53
C*
PWawa
MWAWA 8152 0 PHILADELPHIA /PA US CARD PURCHASE
LAuto & Transport:Gas & Fuel
^
D3/16'22
U-16,300.00
T-16,300.00
C*
N342
PAll Best Contractors
MCHECK 000000000342
LSubcontractors
^
D3/17'22
U-259.20
T-259.20
C*
PNortheast Car R
MNORTHEAST CAR R PHILADELPHIA/PA US CARD PURCHASE
LAuto & Transport:Service & Parts
^
D3/17'22
U-20.60
T-20.60
C*
PStarlight Agenc Northeast
MSTARLIGHT AGENC NORTHEAST PH/PA US CARD PURCHASE
LInsurance
^
D3/17'22
U-40.00
T-40.00
C*
PSunoco
MSUNOCO 03682978 HAMILTON TWP /NJ US CARD PURCHASE
LAuto & Transport:Gas & Fuel
^
D3/17'22
U-2,584.27
T-2,584.27
C*
PSkyworks Equipm Washington
MSKYWORKS EQUIPM WASHINGTON /NJ US CARD PURCHASE
LEquip Rental
^
D3/17'22
U-1,368.66
T-1,368.66
C*
N348
PAlcides Estevees
MCASHED CHECK 000000000348
LLabor
^
D3/18'22
U1.74
T1.74
C*
PApple C San
MPAYPAL *APPLE.C San Jose /CA US CARD PURCHASE REFUND
LRefund
^
D3/18'22
U-477.00
T-477.00
C*
PLabor Osha
MLABOR OSHA PAYMENT 220317 0340
LOsha
^
D3/18'22
U-33.11
T-33.11
C*
PAdp Payroll
MADP PAYROLL FEES ADP - FEES220318 2RA96 7528939
LPayroll Fees
^
D3/18'22
U-45.44
T-45.44
C*
PAutozone
MAUTOZONE 1155 PLAINFIELD /NJ US CARD PURCHASE
LAuto & Transport:Service & Parts
^
D3/18'22
U-49.29
T-49.29
C*
PWawa
MWAWA 8464 0 PLAINFIELD /NJ US CARD PURCHASE
LAuto & Transport:Gas & Fuel
^
D3/18'22
U-85.00
T-85.00
C*
PShell
MSHELL OIL 57545 PLAINFIELD /NJ US CARD PURCHASE
LAuto & Transport:Gas & Fuel
^
D3/21'22
U39,045.00
T39,045.00
C*
PATM Deposit
MATM CHECK DEPOSIT N471 941
LDeposit
^
D3/21'22
U-90.00
T-90.00
C*
PPali Fuel Llc
MPALI FUEL, LLC. ROSELLE /NJ US CARD PURCHASE
LAuto & Transport:Gas & Fuel
^
D3/21'22
U-90.00
T-90.00
C*
PPali Fuel Llc
MPALI FUEL, LLC. ROSELLE /NJ US CARD PURCHASE
LAuto & Transport:Gas & Fuel
^
D3/21'22
U-50.00
T-50.00
C*
PConoco
MCONOCO - KERRIG PHILADELPHIA /PA US CARD PURCHASE
LAuto & Transport:Gas & Fuel
^
D3/21'22
U-96.30
T-96.30
C*
N349
PJosil Auto Repair
MCHECK 000000000349
LAuto & Transport:Service & Parts
^
D3/21'22
U-1,400.00
T-1,400.00
C*
N385
PNew Team Contractor
MCHECK 000000000385
LSubcontractors
^
D3/21'22
U-4,300.00
T-4,300.00
C*
N387
PNew Team Contractor
MCHECK 000000000387
LSubcontractors
^
D3/21'22
U-2,400.00
T-2,400.00
C*
N388
PNew Team Contractor
MCHECK 000000000388
LSubcontractors
^
D3/21'22
U-3,990.00
T-3,990.00
C*
N389
PNew Team Contractor
MCHECK 000000000389
LSubcontractors
^
D3/22'22
U64.57
T64.57
C*
PAuxiliary Servi Lawrence
MAUXILIARY SERVI LAWRENCE TWP /NJ US CARD PURCHASE REFUND
LRefund
^
D3/22'22
U-125.00
T-125.00
C*
PExxon
MEXXONMOBIL 4 ROSELLE /NJ US CARD PURCHASE
LAuto & Transport:Gas & Fuel
^
D3/22'22
U-2,138.81
T-2,138.81
C*
PFdr Hitches
MFDR HITCHES ROSELLE PARK /NJ US CARD PURCHASE
LConstruction Supplies
^
D3/22'22
U-95.01
T-95.01
C*
PSpeedway
MSPEEDWAY 03475 NORTH BRUNSWI /NJ US CARD PURCHASE
LAuto & Transport:Gas & Fuel
^
D3/22'22
U-299.91
T-299.91
C*
PAuxiliary Service, Inc.
MAUXILIARY SERVI LAWRENCE TWP /NJ US CARD PURCHASE
LConstruction Supplies
^
D3/22'22
U-269.41
T-269.41
C*
PAuxiliary Service, Inc.
MAUXILIARY SERVI LAWRENCE TWP /NJ US CARD PURCHASE
LConstruction Supplies
^
D3/22'22
U-123.44
T-123.44
C*
PAuxiliary Service, Inc.
MAUXILIARY SERVI LAWRENCE TWP /NJ US CARD PURCHASE
LConstruction Supplies
^
D3/22'22
U-1,575.00
T-1,575.00
C*
N386
PAll Best Contractors
MCHECK 000000000386
LSubcontractors
^
D3/22'22
U-17,360.00
T-17,360.00
C*
N390
PMfb Construction
MCHECK 000000000390
LSubcontractors
^
D3/23'22
U-40.45
T-40.45
C*
PLowe's
MLOWE'S #1185 PRINCETON /NJ US CARD PURCHASE
LConstruction Supplies
^
D3/23'22
U-98.39
T-98.39
C*
PDelta
MDELTA PISCATAWAY /NJ US CARD PURCHASE
LAuto & Transport:Gas & Fuel
^
D3/25'22
U-143.43
T-143.43
C*
PGoto Premfin Inspay
Mgoto PremFin 931 931 insPay *********12
LInsurance
^
D3/25'22
U-33.11
T-33.11
C*
PAdp Payroll
MADP PAYROLL FEES ADP - FEES220325 2RA96 9846901
LPayroll Fees
^
D3/25'22
U-24.36
T-24.36
C*
PStaples
MSTAPLES 0032 WILLOW GROVE/PA US CARD PURCHASE
LOffice
^
D3/25'22
U-712.14
T-712.14
C*
PStaples
MSTAPLES 0032 WILLOW GROVE/PA US CARD PURCHASE
LOffice
^
D3/25'22
U-4,620.00
T-4,620.00
C*
N391
PNew Team Contractor
MCHECK 000000000391
LSubcontractors
^
D3/28'22
U-5.39
T-5.39
C*
PApple
MPAYPAL *APPLE.C San Jose /CA US CARD PURCHASE
LPersonal
^
D3/28'22
U-77.01
T-77.01
C*
PShell
MSHELL OIL 57545 PLAINFIELD /NJ US CARD PURCHASE
LAuto & Transport:Gas & Fuel
^
D3/29'22
U-44.74
T-44.74
C*
PHome Depot
MTHE HOME DEPOT WATCHUNG /NJ US CARD PURCHASE
LConstruction Supplies
^
D3/29'22
U-22.83
T-22.83
C*
PHome Depot
MTHE HOME DEPOT WATCHUNG /NJ US CARD PURCHASE
LConstruction Supplies
^
D3/29'22
U-10,000.00
T-10,000.00
C*
N395
PMfb Construction
MCHECK 000000000395
LSubcontractors
^
D3/30'22
U-468.39
T-468.39
C*
PAuxiliary Service, Inc.
MAUXILIARY SERVI 6095300077 /NJ US CARD PURCHASE
LConstruction Supplies
^
D3/30'22
U-31,131.00
T-31,131.00
C*
N392
PAll Best Contractors
MCHECK 000000000392
LSubcontractors
^
D3/30'22
U-1,560.00
T-1,560.00
C*
N393
PNew Team Contractor
MCHECK 000000000393
LSubcontractors
^
D3/31'22
U-62.87
T-62.87
C*
PLukoil
MLUKOIL 57336 SCOTCH PLAINS /NJ US CARD PURCHASE
LAuto & Transport:Gas & Fuel
^
D3/31'22
U-125.00
T-125.00
C*
PShell
MSHELL OIL 57545 PLAINFIELD /NJ US CARD PURCHASE
LAuto & Transport:Gas & Fuel
^
D3/31'22
U-103.14
T-103.14
C*
PSunoco
MSUNOCO 03683000 E BRUNSWICK /NJ US CARD PURCHASE
LAuto & Transport:Gas & Fuel
^
D4/ 1'22
U41,800.00
T41,800.00
C*
PBranch Rockaway Deposit
MBRANCH TRANSACTION AT ROCKAWAY  - CHECK DEPOSIT.
LDeposit
^
D4/ 1'22
U-33.11
T-33.11
C*
PAdp Payroll
MADP PAYROLL FEES ADP - FEES220401 2RA96 0573907
LPayroll Fees
^
D4/ 4'22
U-840.00
T-840.00
C*
PBusiness Solutio
MBUSINESS SOLUTIO 26186/2616220403 215-725-5990
LAccounting
^
D4/ 4'22
U-852.28
T-852.28
C*
PProgressive
MPROGRESSIVE INS 855-758-0945 /OH US CARD PURCHASE
LInsurance
^
D4/ 4'22
U-205.69
T-205.69
C*
PFord
MCHAPMAN FORD VW PHILADELPHIA /PA US CARD PURCHASE
LAuto & Transport:Service & Parts
^
D4/ 4'22
U-102.28
T-102.28
C*
PSunoco
MSUNOCO 03682978 HAMILTON TWP /NJ US CARD PURCHASE
LAuto & Transport:Gas & Fuel
^
D4/ 4'22
U-125.00
T-125.00
C*
PShell
MSHELL OIL 57545 PLAINFIELD /NJ US CARD PURCHASE
LAuto & Transport:Gas & Fuel
^
D4/ 4'22
U-12,000.00
T-12,000.00
C*
N396
PAll Best Contractors
MCHECK 000000000396
LSubcontractors
^
D4/ 5'22
U-103.00
T-103.00
C*
PExxon
MEXXONMOBIL 4 MOUNT LAUREL /NJ US CARD PURCHASE
LAuto & Transport:Gas & Fuel
^
D4/ 5'22
U-48.15
T-48.15
C*
PJosil Auto Repair
MJOSIL AUTO REPA ELIZABETH /NJ US CARD PURCHASE
LAuto & Transport:Service & Parts
^
D4/ 5'22
U-6,350.00
T-6,350.00
C*
N400
PSantiago Vasquez
MCASHED CHECK 000000000400
LLabor
^
D4/ 6'22
U-5.39
T-5.39
C*
PApple
MPAYPAL *APPLE.C San Jose /CA US CARD PURCHASE
LPersonal
^
D4/ 6'22
U-54.27
T-54.27
C*
PHome Depot
MTHE HOME DEPOT S PLAINFIELD/NJ US CARD PURCHASE
LConstruction Supplies
^
D4/ 6'22
U-2,850.00
T-2,850.00
C*
N397
PNew Team Contractor
MCHECK 000000000397
LSubcontractors
^
D4/ 6'22
U-5,135.00
T-5,135.00
C*
N398
PNew Team Contractor
MCHECK 000000000398
LSubcontractors
^
D4/ 6'22
U-4,942.93
T-4,942.93
C*
N399
PNew Team Contractor
MCHECK 000000000399
LSubcontractors
^
D4/ 7'22
U-840.78
T-840.78
C*
PIn Altus Lift
MIN ALTUS LIFT /NJ US CARD PURCHASE
LEquip Rental
^
D4/ 7'22
U-3,307.66
T-3,307.66
C*
PIn Altus Lift
MIN ALTUS LIFT /NJ US CARD PURCHASE
LEquip Rental
^
D4/ 7'22
U-1,865.26
T-1,865.26
C*
PIn Altus Lift
MIN ALTUS LIFT /NJ US CARD PURCHASE
LEquip Rental
^
D4/ 8'22
U88.55
T88.55
C*
POffice Ma Philadelphia
MOFFICE MA 7231 PHILADELPHIA/PA US CARD PURCHASE REFUND
LRefund
^
D4/ 8'22
U-33.11
T-33.11
C*
PAdp Payroll
MADP PAYROLL FEES ADP - FEES220408 2RA96 2032887
LPayroll Fees
^
D4/ 8'22
U-69.75
T-69.75
C*
POfficemax
MOFFICE MA 7231 PHILADELPHIA/PA US CARD PURCHASE
LOffice
^
D4/ 8'22
U-534.99
T-534.99
C*
POfficemax
MOFFICE MA 7231 PHILADELPHIA/PA US CARD PURCHASE
LOffice
^
D4/ 8'22
U-125.00
T-125.00
C*
PShell
MSHELL OIL 57545 PLAINFIELD /NJ US CARD PURCHASE
LAuto & Transport:Gas & Fuel
^
D4/ 8'22
U-81.48
T-81.48
C*
PShell
MSHELL OIL 57545 PLAINFIELD /NJ US CARD PURCHASE
LAuto & Transport:Gas & Fuel
^
D4/11'22
U-355.00
T-355.00
C*
PE-zpass
MNJ EZPASS 8882886865 /NJ US CARD PURCHASE
LAuto & Transport:Tolls
^
D4/11'22
U-85.55
T-85.55
C*
PDelta Gas Willingboro
MDELTA GAS WILLINGBORO /NJ US CARD PURCHASE
LAuto & Transport:Gas & Fuel
^
D4/11'22
U-117.14
T-117.14
C*
PShell
MSHELL OIL 57545 PLAINFIELD /NJ US CARD PURCHASE
LAuto & Transport:Gas & Fuel
^
D4/11'22
U-39.97
T-39.97
C*
PShell
MSHELL OIL 57545 PLAINFIELD /NJ US CARD PURCHASE
LAuto & Transport:Gas & Fuel
^
D4/11'22
U-1,693.65
T-1,693.65
C*
PE-zpass
MNJ EZPASS 8882886865 /NJ US CARD PURCHASE
LAuto & Transport:Tolls
^
D4/11'22
U-1,500.00
T-1,500.00
C*
N405
PReinaldo Da Rocha
MCHECK 000000000405
LPersonal
^
D4/12'22
U-22,450.00
T-22,450.00
C*
N403
PAll Best Contractors
MCHECK 000000000403
LSubcontractors
^
D4/13'22
U-316.12
T-316.12
C*
PGoto Premfin Inspay
Mgoto PremFin 931 931 insPay *********92
LInsurance
^
D4/13'22
U-222.46
T-222.46
C*
PGoto Premfin Inspay
Mgoto PremFin 931 931 insPay *********84
LInsurance
^
D4/13'22
U-39.95
T-39.95
C*
PAutozone
MAUTOZONE 5293 PHILADELPHIA/PA US CARD PURCHASE
LAuto & Transport:Service & Parts
^
D4/13'22
U-125.00
T-125.00
C*
PShell
MSHELL OIL 57545 PLAINFIELD /NJ US CARD PURCHASE
LAuto & Transport:Gas & Fuel
^
D4/13'22
U-125.00
T-125.00
C*
PShell
MSHELL OIL 57545 PLAINFIELD /NJ US CARD PURCHASE
LAuto & Transport:Gas & Fuel
^
D4/13'22
U-42.92
T-42.92
C*
PShell
MSHELL OIL 57545 PLAINFIELD /NJ US CARD PURCHASE
LAuto & Transport:Gas & Fuel
^
D4/13'22
U-1,923.59
T-1,923.59
C*
PSkyworks Equipm Washington
MSKYWORKS EQUIPM WASHINGTON /NJ US CARD PURCHASE
LEquip Rental
^
D4/15'22
U-33.11
T-33.11
C*
PAdp Payroll
MADP PAYROLL FEES ADP - FEES220415 2RA96 3380799
LPayroll Fees
^
D4/15'22
U-61.43
T-61.43
C*
PU-haul
MU-HAUL FEASTERV FSTRVL TRVOSE /PA US CARD PURCHASE
LPersonal
^
D4/15'22
U-107.98
T-107.98
C*
PChamas De Minas Inc
MCHAMAS DE MINAS PHILADELPHIA /PA US CARD PURCHASE
LPersonal
^
D4/15'22
U-5,150.00
T-5,150.00
C*
N404
PNew Team Contractor
MCHECK 000000000404
LSubcontractors
^
D4/18'22
U63,350.00
T63,350.00
C*
PATM Deposit
MATM CHECK DEPOSIT N471 598
LDeposit
^
D4/18'22
U-10.00
T-10.00
C*
PAccount Maintenance Fee
MPayment Process Service Fe *********84
LFees & Charges:Bank Fee
^
D4/18'22
U-10.00
T-10.00
C*
PAccount Maintenance Fee
MPayment Process Service Fe *********92
LFees & Charges:Bank Fee
^
D4/18'22
U-72.70
T-72.70
C*
PLowe's
MLOWE'S #1185 PRINCETON /NJ US CARD PURCHASE
LConstruction Supplies
^
D4/19'22
U-90.77
T-90.77
C*
PWawa
MWAWA 8339 0 LAWRENCE TWP /NJ US CARD PURCHASE
LAuto & Transport:Gas & Fuel
^
D4/20'22
U-2,096.60
T-2,096.60
C*
PChevron
MHESSERT CHEVROL PHILADELPHIA/PA US CARD PURCHASE
LAuto & Transport
^
D4/20'22
U-160.53
T-160.53
C*
PAuxiliary Service, Inc.
MAUXILIARY SERVI LAWRENCE TWP /NJ US CARD PURCHASE
LConstruction Supplies
^
D4/21'22
U-477.00
T-477.00
C*
PLabor Osha
MLABOR OSHA PAYMENT 220420 0401
LOsha
^
D4/21'22
U-16,610.00
T-16,610.00
C*
N361
PAll Best Contractors
MCHECK 000000000361
LSubcontractors
^
D4/21'22
U-5,415.00
T-5,415.00
C*
N407
PAll Best Contractors
MCHECK 000000000407
LSubcontractors
^
D4/22'22
U28,105.00
T28,105.00
C*
PATM Deposit
MATM CHECK DEPOSIT N665 372
LDeposit
^
D4/22'22
U-849.38
T-849.38
C*
PUnited Fin Cas
MUNITED FIN CAS INS PREM 220421
LInsurance
^
D4/22'22
U-33.11
T-33.11
C*
PAdp Payroll
MADP PAYROLL FEES ADP - FEES220422 2RA96 4266182
LPayroll Fees
^
D4/25'22
U-7.55
T-7.55
C*
PApple
MPAYPAL *APPLE.C San Jose /CA US CARD PURCHASE
LPersonal
^
D4/25'22
U-300.00
T-300.00
C*
PJodan Associates
MJODAN ASSOCIATE PHILADELPHIA /PA US CARD PURCHASE
LAuto & Transport
^
D4/25'22
U-90.17
T-90.17
C*
PShell
MSHELL OIL 57545 SKILLMAN /NJ US CARD PURCHASE
LAuto & Transport:Gas & Fuel
^
D4/25'22
U-24,055.00
T-24,055.00
C*
N364
PAll Best Contractors
MCHECK 000000000364
LSubcontractors
^
D4/25'22
U-6,700.00
T-6,700.00
C*
N365
PGreen Master Contractor Corp
MCHECK 000000000365
LSubcontractors
^
D4/25'22
U-1,355.00
T-1,355.00
C*
N366
PGreen Master Contractor Corp
MCHECK 000000000366
LSubcontractors
^
D4/26'22
U-3,000.00
T-3,000.00
C*
N367
PMfb Construction
MCHECK 000000000367
LSubcontractors
^
D4/27'22
U-5.39
T-5.39
C*
PApple
MPAYPAL *APPLE.C San Jose /CA US CARD PURCHASE
LPersonal
^
D4/27'22
U-20.00
T-20.00
C*
PPhilly Gas Pa
MPHILLY GAS PHILADELPHIA/PA US CARD PURCHASE
LPersonal
^
D4/27'22
U-84.00
T-84.00
C*
PConoco
MCONOCO - HAMILT SOUTH PLAINFI /NJ US CARD PURCHASE
LAuto & Transport:Gas & Fuel
^
D4/29'22
U55,145.00
T55,145.00
C*
PATM Deposit
MATM CHECK DEPOSIT N665 381
LDeposit
^
D4/29'22
U-33.11
T-33.11
C*
PAdp Payroll
MADP PAYROLL FEES ADP - FEES220429 2RA96 5184879
LPayroll Fees
^
D4/29'22
U-360.68
T-360.68
C*
PSkyworks Equipm Washington
MSKYWORKS EQUIPM WASHINGTON /NJ US CARD PURCHASE
LEquip Rental
^
D5/ 2'22
U-200.00
T-200.00
C*
PShell
MSHELL OIL 10047 RARITAN /NJ US CARD PURCHASE
LAuto & Transport:Gas & Fuel
^
D5/ 2'22
U-101.63
T-101.63
C*
PShell
MSHELL OIL 10047 RARITAN /NJ US CARD PURCHASE
LAuto & Transport:Gas & Fuel
^
D5/ 2'22
U-13,000.00
T-13,000.00
C*
N369
PGreen Master Contractor Corp
MCHECK 000000000369
LSubcontractors
^
D5/ 3'22
U-301.07
T-301.07
C*
PGoto Premfin Inspay
Mgoto PremFin 931 931 insPay *********92
LInsurance
^
D5/ 3'22
U-211.87
T-211.87
C*
PGoto Premfin Inspay
Mgoto PremFin 931 931 insPay *********84
LInsurance
^
D5/ 3'22
U-98.83
T-98.83
C*
PRoute No Palmyra
M700 ROUTE 73 NO PALMYRA /NJ US CARD PURCHASE
LAuto & Transport:Gas & Fuel
^
D5/ 3'22
U-14,000.00
T-14,000.00
C*
N368
PAll Best Contractors
MCHECK 000000000368
LSubcontractors
^
D5/ 4'22
U-5.39
T-5.39
C*
PApple
MPAYPAL *APPLE.C San Jose /CA US CARD PURCHASE
LPersonal
^
D5/ 5'22
U-1,556.00
T-1,556.00
C*
PTravelers Bus Insur
MTRAVELERS BUS INSUR 220504 BPITBI092901683
LInsurance
^
D5/ 5'22
U-170.00
T-170.00
C*
PBusiness Solutio
MBUSINESS SOLUTIO 26497 220504 215-725-5990
LAccounting
^
D5/ 5'22
U-41.20
T-41.20
C*
PStarlight Agenc Pa
MSTARLIGHT AGENC 2673881810 /PA US CARD PURCHASE
LInsurance
^
D5/ 5'22
U-4,085.00
T-4,085.00
C*
N370
PGreen Master Contractor Corp
MCHECK 000000000370
LSubcontractors
^
D5/ 6'22
U-33.11
T-33.11
C*
PAdp Payroll
MADP PAYROLL FEES ADP - FEES220506 2RA96 8019558
LPayroll Fees
^
D5/ 9'22
U43,605.00
T43,605.00
C*
PBranch Boulevard North
MBRANCH TRANSACTION AT BOULEVARD - NORTH EAST  - CHECK DEPOSIT.
LDeposit
^
D5/ 9'22
U-170.41
T-170.41
C*
POfficemax
MOFFICE MA 7231 PHILADELPHIA/PA US CARD PURCHASE
LOffice
^
D5/ 9'22
U-69.00
T-69.00
C*
PShell
MSHELL OIL 57546 ELIZABETH /NJ US CARD PURCHASE
LAuto & Transport:Gas & Fuel
^
D5/ 9'22
U-75.00
T-75.00
C*
PRegional Hillside Nj
MREGIONAL HILLSIDE /NJ US CARD PURCHASE
LPersonal
^
D5/ 9'22
U-2,284.26
T-2,284.26
C*
PSkyworks Equipm Washington
MSKYWORKS EQUIPM WASHINGTON /NJ US CARD PURCHASE
LEquip Rental
^
D5/ 9'22
U-1,400.00
T-1,400.00
C*
N372
PGreen Master Contractor Corp
MCHECK 000000000372
LSubcontractors
^
D5/ 9'22
U-14,200.00
T-14,200.00
C*
N373
PGreen Master Contractor Corp
MCHECK 000000000373
LSubcontractors
^
D5/ 9'22
U-25,000.00
T-25,000.00
C*
N376
PAll Best Contractors
MCHECK 000000000376
LSubcontractors
^
D5/11'22
U0.69
T0.69
C*
PRbt Shell Oil
MRBT SHELL OIL 5 EasySavings /NY US CARD PURCHASE REFUND
LRefund
^
D5/11'22
U-20.60
T-20.60
C*
PStarlight Agenc Pa
MSTARLIGHT AGENC 2673881810 /PA US CARD PURCHASE
LInsurance
^
D5/11'22
U-811.42
T-811.42
C*
N350
PAlcides Estevees
MCASHED CHECK 000000000350
LLabor
^
D5/12'22
U-350.00
T-350.00
C*
PBusiness Solutio
MBUSINESS SOLUTIO 26539 220511 215-725-5990
LAccounting
^
D5/12'22
U-5.39
T-5.39
C*
PApple
MPP*APPLE.COM/BI 4029357733 /CA US CARD PURCHASE
LPersonal
^
D5/13'22
U-33.11
T-33.11
C*
PAdp Payroll
MADP PAYROLL FEES ADP - FEES220513 2RA96 9243562
LPayroll Fees
^
D5/13'22
U-130.39
T-130.39
C*
PShell
MSHELL OIL 57545 PLAINFIELD /NJ US CARD PURCHASE
LAuto & Transport:Gas & Fuel
^
D5/13'22
U-200.00
T-200.00
C*
PShell
MSHELL OIL 57545 PLAINFIELD /NJ US CARD PURCHASE
LAuto & Transport:Gas & Fuel
^
D5/13'22
U-95.84
T-95.84
C*
PShell
MSHELL OIL 57545 PLAINFIELD /NJ US CARD PURCHASE
LAuto & Transport:Gas & Fuel
^
D5/13'22
U-200.00
T-200.00
C*
PShell
MSHELL OIL 57545 PLAINFIELD /NJ US CARD PURCHASE
LAuto & Transport:Gas & Fuel
^
D5/16'22
U46,550.00
T46,550.00
C*
PATM Deposit
MATM CHECK DEPOSIT N471 1323
LDeposit
^
D5/16'22
U-62.80
T-62.80
C*
PWawa
MWAWA 8152 0 PHILADELPHIA /PA US CARD PURCHASE
LAuto & Transport:Gas & Fuel
^
D5/16'22
U-23,000.00
T-23,000.00
C*
N313
PGreen Master Contractor Corp
MCHECK 000000000313
LSubcontractors
^
D5/16'22
U-16,995.00
T-16,995.00
C*
N314
PAll Best Contractors
MCHECK 000000000314
LSubcontractors
^
D5/16'22
U-1,500.00
T-1,500.00
C*
N377
PReinaldo Da Rocha
MCHECK 000000000377
LPersonal
^
D5/17'22
U-16.18
T-16.18
C*
PApple
MPP*APPLE.COM/BI 4029357733 /CA US CARD PURCHASE
LPersonal
^
D5/17'22
U-1,500.00
T-1,500.00
C*
N378
PMfb Construction
MCHECK 000000000378
LSubcontractors
^
D5/18'22
U-31.70
T-31.70
C*
PLowe's
MLOWE'S #1572 LANGHORNE /PA US CARD PURCHASE
LConstruction Supplies
^
D5/18'22
U-560.74
T-560.74
C*
PLowe's
MLOWE'S #1572 LANGHORNE /PA US CARD PURCHASE
LConstruction Supplies
^
D5/18'22
U-55.09
T-55.09
C*
PLukoil
MLUKOIL 57729 PRINCETON /NJ US CARD PURCHASE
LAuto & Transport:Gas & Fuel
^
D5/19'22
U-16.08
T-16.08
C*
PApple
MPP*APPLE.COM/BI 4029357733 /CA US CARD PURCHASE
LPersonal
^
D5/19'22
U-53.38
T-53.38
C*
PSunoco
MSUNOCO 00138735 PHILADELPHIA/PA US CARD PURCHASE
LAuto & Transport:Gas & Fuel
^
D5/19'22
U-63.01
T-63.01
C*
PSunoco
MSUNOCO 00138735 PHILADELPHIA/PA US CARD PURCHASE
LAuto & Transport:Gas & Fuel
^
D5/20'22
U-33.11
T-33.11
C*
PAdp Payroll
MADP PAYROLL FEES ADP - FEES220520 2RA96 1611090
LPayroll Fees
^
D5/20'22
U-43.19
T-43.19
C*
PApple
MPP*APPLE.COM/BI 4029357733 /CA US CARD PURCHASE
LPersonal
^
D5/20'22
U-12.95
T-12.95
C*
PApple
MPP*APPLE.COM/BI 4029357733 /CA US CARD PURCHASE
LPersonal
^
D5/23'22
U-499.69
T-499.69
C*
PWal-mart
MWal-Mart Store PHILADELPHIA/PA US CARD PURCHASE
LPersonal
^
D5/23'22
U-22,145.00
T-22,145.00
C*
N379
PGreen Master Contractor Corp
MCHECK 000000000379
LSubcontractors
^
D5/23'22
U-10,000.00
T-10,000.00
C*
N380
PAll Best Contractors
MCHECK 000000000380
LSubcontractors
^
D5/23'22
U-1,500.00
T-1,500.00
C*
N381
PReinaldo Da Rocha
MCHECK 000000000381
LPersonal
^
D5/24'22
U-1,437.93
T-1,437.93
C*
PUnited Fin Cas
MUNITED FIN CAS INS PREM 220523
LInsurance
^
D5/24'22
U-7.55
T-7.55
C*
PApple
MPP*APPLE.COM/BI 4029357733 /CA US CARD PURCHASE
LPersonal
^
D5/24'22
U-95.85
T-95.85
C*
PHome Depot
MTHE HOME DEPOT WATCHUNG /NJ US CARD PURCHASE
LConstruction Supplies
^
D5/25'22
U28,975.00
T28,975.00
C*
PATM Deposit
MATM CHECK DEPOSIT N471 1288
LDeposit
^
D5/25'22
U-477.00
T-477.00
C*
PLabor Osha
MLABOR OSHA PAYMENT 220524 0371
LOsha
^
D5/25'22
U-73.68
T-73.68
C*
PAuxiliary Service, Inc.
MAUXILIARY SERVI 6095300077 /NJ US CARD PURCHASE
LConstruction Supplies
^
D5/25'22
